@Article{example,
  author =       "F. Rellich",
  title =        "Darstellung der {E}igenwerte von {$\Delta u + \lambda
                 u = 0$} durch ein {R}andintegral",
  journal =      "Math Z.",
  year =         "1940",
  volume =       "46",
  pages =        "635--636",
  annote =       "rellich identity",
}

@Book{zeidler:nfa88IIa,
  author =       "E. Zeidler",
  title =        "Nonlinear {F}unctional {A}nalysis",
  publisher =    "Springer Verlag",
  year =         "1988",
  volume =       "IIa",
  address =      "New York",
  annote =       "BIF",
}

@book{ lamport ,
     author =    "Leslie Lamport" ,
     title =     "\LaTeX: A Document Preparation System" ,
     publisher = "Addison--Wesley Pub.\ Co." ,
     year =      "1986" ,
     address =   "Reading, MA"
}
@book{ knuth ,
     author =    "Donald E. Knuth" ,
     title =     "The \TeX book" ,
     publisher = "Addison--Wesley Pub.\ Co." ,
     year =      "1984" ,
     address =   "Reading, MA"
}

@book{ goossens ,
     author =    "Michel Goossens and Frank Mittelbach and Alexander Samarin" ,
     title =     "The \LaTeX Companion" ,
     publisher = "Addison--Wesley Pub.\ Co." ,
     year =      "1994" ,
     address =   "Reading, MA"
}


@inproceedings{cloudcharactoristics,
  title={Network traffic characteristics of data centers in the wild},
  author={Benson, Theophilus and Akella, Aditya and Maltz, David A},
  booktitle={Proceedings of the 10th ACM SIGCOMM conference on Internet measurement},
  pages={267--280},
  year={2010},
  organization={ACM}
}
@CONFERENCE{wireshark,
	TITLE="www.wireshark.org"
}
@CONFERENCE{amazon,
	TITLE="aws.amazon.com"
}
@CONFERENCE{azure,
	TITLE="www.windowsazure.org"
}
@CONFERENCE{openstack,
	TITLE="www.openstack.org"
}
@CONFERENCE{nvp,
	TITLE="http://nicira.com/en/network-virtualization-platform"
}
@CONFERENCE{ovs,
	TITLE="www.openvswitch.org"
}

@inproceedings{secondnet,
  title={Secondnet: a data center network virtualization architecture with bandwidth guarantees},
  author={Guo, Chuanxiong and Lu, Guohan and Wang, Helen J and Yang, Shuang and Kong, Chao and Sun, Peng and Wu, Wenfei and Zhang, Yongguang},
  booktitle={Proceedings of the 6th International COnference},
  pages={15},
  year={2010},
  organization={ACM}
}

@inproceedings{netprint,
  title={NetPrints: Diagnosing Home Network Misconfigurations Using Shared Knowledge.},
  author={Agarwal, Bhavish and Bhagwan, Ranjita and Das, Tathagata and Eswaran, Siddharth and Padmanabhan, Venkata N and Voelker, Geoffrey M},
  booktitle={NSDI},
  volume={9},
  pages={349--364},
  year={2009}
}

@article{netmedic,
  title={Detailed diagnosis in enterprise networks},
  author={Kandula, Srikanth and Mahajan, Ratul and Verkaik, Patrick and Agarwal, Sharad and Padhye, Jitendra and Bahl, Paramvir},
  journal={ACM SIGCOMM Computer Communication Review},
  volume={39},
  number={4},
  pages={243--254},
  year={2009},
  publisher={ACM}
}

@inproceedings{snap,
  title={Profiling Network Performance for Multi-tier Data Center Applications.},
  author={Yu, Minlan and Greenberg, Albert G and Maltz, David A and Rexford, Jennifer and Yuan, Lihua and Kandula, Srikanth and Kim, Changhoon},
  booktitle={NSDI},
  year={2011}
}

@article{veriflow,
  title={Veriflow: verifying network-wide invariants in real time},
  author={Khurshid, Ahmed and Zhou, Wenxuan and Caesar, Matthew and Godfrey, P},
  journal={ACM SIGCOMM Computer Communication Review},
  volume={42},
  number={4},
  pages={467--472},
  year={2012},
  publisher={ACM}
}

@inproceedings{odd,
  title={Towards deterministic network diagnosis},
  author={Zhao, Yao and Chen, Yan and Bindel, David},
  booktitle={ACM SIGMETRICS Performance Evaluation Review},
  volume={34},
  number={1},
  pages={387--388},
  year={2006},
  organization={ACM}
}

@inproceedings{xtrace,
  title={X-trace: A pervasive network tracing framework},
  author={Fonseca, Rodrigo and Porter, George and Katz, Randy H and Shenker, Scott and Stoica, Ion},
  booktitle={Proceedings of the 4th USENIX conference on Networked systems design \& implementation},
  pages={20--20},
  year={2007},
  organization={USENIX Association}
}


@inproceedings{step-stone,
  title={Detecting Stepping Stones.},
  author={Zhang, Yin and Paxson, Vern},
  booktitle={USENIX Security Symposium},
  volume={171},
  pages={184},
  year={2000}
}

@inproceedings{flowtags,
  title={Flowtags: Enforcing network-wide policies in the presence of dynamic middlebox actions},
  author={Fayazbakhsh, Seyed Kaveh and Sekar, Vyas and Yu, Minlan and Mogul, Jeffrey C},
  booktitle={Proceedings of the second ACM SIGCOMM workshop on Hot topics in software defined networking},
  pages={19--24},
  year={2013},
  organization={ACM}
}

@article{stratos-tr,
  title={Stratos: Virtual middleboxes as first-class entities},
  author={Gember, Aaron and Grandl, Robert and Anand, Ashok and Benson, Theophilus and Akella, Aditya},
  journal={UW-Madison TR1771},
  year={2012}
}

@ARTICLE{dis_query,
AUTHOR    = {Donald Kossmann}, 
TITLE     = {The state of the art in distributed query processing},
JOURNAL   = {ACM Computing surveys},
YEAR      = {2000},
Volume    = {32},
Number    = {4},
Pages     = {422-469},
Month     = {December}
}

@inproceedings{balakrishnan2005codesurfer,
  title={CodeSurfer/x86---A platform for analyzing x86 executables},
  author={Balakrishnan, Gogul and Gruian, Radu and Reps, Thomas and Teitelbaum, Tim},
  booktitle={Compiler Construction},
  year={2005},
}

@misc{cherryproxy,
  title = "CherryProxy: a filtering HTTP proxy extensible in Python",
  howpublished = "\url{http://www.decalage.info/python/cherryproxy}",
}

@misc{balance,
  title = "Balance: the Open Source Load-Balancer and TCP Proxy",
  howpublished = "\url{http://www.inlab.de/balance.html}",
}

@misc{snort,
  title = "Snort: Open Source Network Intrusion Prevention",
  howpublished = "\url{http://www.snort.org}",
}
@misc{cloudlab,
  title = "https://www.cloudlab.us/"
}

@misc{path_mtu,
  title = "Path MTU Discovery", 
  howpublished = "\url{http://tools.ietf.org/html/rfc1191}",
}

@misc{haproxy,
  title = "HAProxy: the Reliable, High Performance TCP/HTTP Load Balancer",
  howpublished = "\url{http://www.haproxy.org/}",
}

@techreport{argyraki2008understanding,
  title={Understanding the packet forwarding capability of general-purpose processors},
  author={Argyraki, Katerina and Fall, Kevin and Iannaccone, Gianluca and Knies, Allan and Manesh, Maziar and Ratnasamy, Sylvia},
  year={2008},
  institution={Technical Report IRB-TR-08-44, Intel Research Berkeley}
}

@inproceedings{dreger2008predicting,
  title={Predicting the resource consumption of network intrusion detection systems},
  author={Dreger, Holger and Feldmann, Anja and Paxson, Vern and Sommer, Robin},
  booktitle={RAID},
  year={2008},
}

@techreport{sans,
  title={Distributed intrusion detection systems: An introduction and review},
  author={Robbins, Royce},
  year={2002}
}

@inproceedings{perfscope,
 author = {Dean, Daniel J. and Nguyen, Hiep and Gu, Xiaohui and Zhang, Hui and Rhee, Junghwan and Arora, Nipun and Jiang, Geoff},
 title = {PerfScope: Practical Online Server Performance Bug Inference in Production Cloud Computing Infrastructures},
 booktitle = {Proceedings of the ACM Symposium on Cloud Computing},
 series = {SOCC '14},
 year = {2014},
 isbn = {978-1-4503-3252-1},
 location = {Seattle, WA, USA},
 pages = {8:1--8:13},
 articleno = {8},
 numpages = {13},
 url = {http://doi.acm.org/10.1145/2670979.2670987},
 doi = {10.1145/2670979.2670987},
 acmid = {2670987},
 publisher = {ACM},
 address = {New York, NY, USA},
 keywords = {Performance, Reliability, Testing and Debugging},
} 

@inproceedings{chiosi2012network,
  title={Network Functions Virtualisation--Introductory White Paper},
  author={Chiosi, Margaret and Clarke, D and Willis, P and Reid, A and Feger, J and Bugenhagen, M and Khan, W and Fargano, M and Cui, C and Deng, H and others},
  booktitle={SDN and OpenFlow World Congress},
  year={2012}
}

@inproceedings{koponen2014network,
  title={Network virtualization in multi-tenant datacenters},
  author={Koponen, Teemu and Amidon, Keith and Balland, Peter and Casado, Mart{\'\i}n and Chanda, Anupam and Fulton, Bryan and Ganichev, Igor and Gross, Jesse and Gude, Natasha and Ingram, Paul and others},
  booktitle={NSDI},
  year={2014}
}

@article{click,
  title={The Click modular router},
  author={Kohler, Eddie and Morris, Robert and Chen, Benjie and Jannotti, John and Kaashoek, M Frans},
  journal={ACM Transactions on Computer Systems (TOCS)},
  year={2000},
}

@inproceedings{opennf,
  title={OpenNF: Enabling innovation in network function control},
  author={Gember-Jacobson, Aaron and Viswanathan, Raajay and Prakash, Chaithan and Grandl, Robert and Khalid, Junaid and Das, Sourav and Akella, Aditya},
  booktitle={Proceedings of the 2014 ACM Conference on SIGCOMM},
  pages={163--174},
  year={2014},
  organization={ACM}
}

@inproceedings{vnd,
  title={Virtual network diagnosis as a service},
  author={Wu, Wenfei and Wang, Guohui and Akella, Aditya and Shaikh, Anees},
  booktitle={Proceedings of the 4th annual Symposium on Cloud Computing},
  pages={9},
  year={2013},
  organization={ACM}
}

@inproceedings{ndb,
  title={I know what your packet did last hop: Using packet histories to troubleshoot networks},
  author={Handigol, Nikhil and Heller, Brandon and Jeyakumar, Vimalkumar and Mazi{\`e}res, David and McKeown, Nick},
  booktitle={Proc. NSDI},
  year={2014}
}

@CONFERENCE{potharaju2013demystifying,
  title={Demystifying the dark side of the middle: A field study of middlebox failures in datacenters},
  author={Potharaju, Rahul and Jain, Navendu},
  booktitle={IMC},
  year={2013},
}

@CONFERENCE{mrfq,
  title={Multi-resource fair queueing for packet processing},
  author={Ghodsi, Ali and Sekar, Vyas and Zaharia, Matei and Stoica, Ion},
  BOOKTITLE={SIGCOMM},
  year={2012},
}

@inproceedings{cloudnaas,
  title={CloudNaaS: a cloud networking platform for enterprise applications},
  author={Benson, Theophilus and Akella, Aditya and Shaikh, Anees and Sahu, Sambit},
  booktitle={Proceedings of the 2nd ACM Symposium on Cloud Computing},
  pages={8},
  year={2011},
  organization={ACM}
}

@article{anteater,
  title={Debugging the data plane with anteater},
  author={Mai, Haohui and Khurshid, Ahmed and Agarwal, Rachit and Caesar, Matthew and Godfrey, P and King, Samuel Talmadge},
  journal={ACM SIGCOMM Computer Communication Review},
  volume={41},
  number={4},
  pages={290--301},
  year={2011},
  publisher={ACM}
}

@inproceedings{hsa,
  title={Header Space Analysis: Static Checking for Networks.},
  author={Kazemian, Peyman and Varghese, George and McKeown, Nick},
  booktitle={NSDI},
  pages={113--126},
  year={2012}
}

@inproceedings{ofrewind,
  title={OFRewind: Enabling Record and Replay Troubleshooting for Networks.},
  author={Wundsam, Andreas and Levin, Dan and Seetharaman, Srini and Feldmann, Anja and others},
  booktitle={USENIX Annual Technical Conference},
  year={2011}
}

@CONFERENCE{sflow,
	TITLE="www.sflow.org"
}
@CONFERENCE{netflow,
	TITLE="http://tools.ietf.org/html/rfc3954.html"
}
@article{openflow,
  title={OpenFlow: enabling innovation in campus networks},
  author={McKeown, Nick and Anderson, Tom and Balakrishnan, Hari and Parulkar, Guru and Peterson, Larry and Rexford, Jennifer and Shenker, Scott and Turner, Jonathan},
  journal={ACM SIGCOMM Computer Communication Review},
  volume={38},
  number={2},
  pages={69--74},
  year={2008},
  publisher={ACM}
}

@CONFERENCE{tcpdump,
	TITLE="www.tcpdump.org"
}
@CONFERENCE{traceroute,
	TITLE="www.traceroute.org"
}
@CONFERENCE{rfc4898,
	TITLE="https://www.ietf.org/rfc/rfc4898.txt"
}
@CONFERENCE{snmp,
	TITLE="www.net-snmp.org"
}
@CONFERENCE{span,
	TITLE="http://www.cisco.com/c/en/us/tech/lan-switching/switched-port-analyzer-span/index.html"
}
@CONFERENCE{netfilter,
	TITLE="www.netfilter.org"
}
@CONFERENCE{wireshark,
	TITLE="www.wireshark.org"
}
@CONFERENCE{amazon,
	TITLE="aws.amazon.com"
}
@CONFERENCE{azure,
	TITLE="www.windowsazure.org"
}
@CONFERENCE{rightscale,
    TITLE="http://rightscale.com"
}
@inproceedings{video,
  title={Supporting low latency TCP-based media streams},
  author={Goel, Ashvin and Krasic, Charles and Li, Kang and Walpole, Jonathan},
  booktitle={Quality of Service, 2002. Tenth IEEE International Workshop on},
  pages={193--203},
  year={2002},
  organization={IEEE}
}
@CONFERENCE{dove,
	AUTHOR="Liane Lewin-Eytan and Katherine Barabash and Rami Cohen and Vinit Jain and Anna Levin",
	TITLE="Designing Modular Overlay Solutions for Network Virtualization",
	BOOKTITLE="IBM Technical Paper",
	YEAR="2012"
}
@CONFERENCE{onix,
	AUTHOR="Teemu Koponen and Martin Casado and Matasha Gude and Jeremy Stribling and Leon Poutevski and Min Zhu and Rajiv Ramanathan and Yuichiro Iwata and Hiroaki Inoue and Takayuki Hama and Scott Shenker",
	TITLE="Onix: A Distributed Control Platform for Large-scale Production Networks",
	BOOKTITLE="OSDI",
	YEAR="2010"
}


@inproceedings{frenetic,
  title={Frenetic: A network programming language},
  author={Foster, Nate and Harrison, Rob and Freedman, Michael J and Monsanto, Christopher and Rexford, Jennifer and Story, Alec and Walker, David},
  booktitle={ACM SIGPLAN Notices},
  volume={46},
  number={9},
  pages={279--291},
  year={2011},
  organization={ACM}
}

@article{mbservice,
  title={Making middleboxes someone else's problem: network processing as a cloud service},
  author={Sherry, Justine and Hasan, Shaddi and Scott, Colin and Krishnamurthy, Arvind and Ratnasamy, Sylvia and Sekar, Vyas},
  journal={ACM SIGCOMM Computer Communication Review},
  volume={42},
  number={4},
  pages={13--24},
  year={2012},
  publisher={ACM}
}

@inproceedings{smartre,
  title={SmartRE: an architecture for coordinated network-wide redundancy elimination},
  author={Anand, Ashok and Sekar, Vyas and Akella, Aditya},
  booktitle={ACM SIGCOMM Computer Communication Review},
  volume={39},
  number={4},
  pages={87--98},
  year={2009},
  organization={ACM}
}

@inproceedings{simple,
  title={SIMPLE-fying middlebox policy enforcement using SDN},
  author={Qazi, Zafar Ayyub and Tu, Cheng-Chun and Chiang, Luis and Miao, Rui and Sekar, Vyas and Yu, Minlan},
  booktitle={ACM SIGCOMM Computer Communication Review},
  volume={43},
  number={4},
  pages={27--38},
  year={2013},
  organization={ACM}
}

@article{drfq,
  title={Multi-resource fair queueing for packet processing},
  author={Ghodsi, Ali and Sekar, Vyas and Zaharia, Matei and Stoica, Ion},
  journal={ACM SIGCOMM Computer Communication Review},
  volume={42},
  number={4},
  pages={1--12},
  year={2012},
  publisher={ACM}
}

@article{fattree,
  title={A scalable, commodity data center network architecture},
  author={Al-Fares, Mohammad and Loukissas, Alexander and Vahdat, Amin},
  journal={ACM SIGCOMM Computer Communication Review},
  volume={38},
  number={4},
  pages={63--74},
  year={2008},
  publisher={ACM}
}

@inproceedings{hedera,
  title={Hedera: Dynamic Flow Scheduling for Data Center Networks.},
  author={Al-Fares, Mohammad and Radhakrishnan, Sivasankar and Raghavan, Barath and Huang, Nelson and Vahdat, Amin},
  booktitle={NSDI},
  volume={10},
  pages={19--19},
  year={2010}
}

@inproceedings{microte,
  title={Microte: The case for fine-grained traffic engineering in data centers},
  author={Benson, Theophilus and An, Ashok and Akella, Aditya and Zhang, Ming},
  booktitle={In ACM CoNEXT’11},
  year={2011},
  organization={Citeseer}
}

@inproceedings{vl2,
  title={VL2: a scalable and flexible data center network},
  author={Greenberg, Albert and Hamilton, James R and Jain, Navendu and Kandula, Srikanth and Kim, Changhoon and Lahiri, Parantap and Maltz, David A and Patel, Parveen and Sengupta, Sudipta},
  booktitle={ACM SIGCOMM computer communication review},
  volume={39},
  number={4},
  pages={51--62},
  year={2009},
  organization={ACM}
}


@CONFERENCE{gestalt,
	AUTHOR = "Radhika Niranjan Mysore and Ratul Mahajan and Amin Vahdat and George Varghese",
	TITLE = "Gestalt: Unifying fault localization for networked systems",
	BOOKTITLE = "MSR-TR-2013-65",
	YEAR = "2013"
}
@inproceedings{webprofiler,
  title={WebProfiler: cooperative diagnosis of Web failures},
  author={Agarwal, Sharad and Liogkas, Nikitas and Mohan, Prashanth and Padmanabhan, Venkata N},
  booktitle={Communication Systems and Networks (COMSNETS), 2010 Second International Conference on},
  pages={1--11},
  year={2010},
  organization={IEEE}
}
@inproceedings{score,
  title={IP fault localization via risk modeling},
  author={Kompella, Ramana Rao and Yates, Jennifer and Greenberg, Albert and Snoeren, Alex C},
  booktitle={Proceedings of the 2nd conference on Symposium on Networked Systems Design \& Implementation-Volume 2},
  pages={57--70},
  year={2005},
  organization={USENIX Association}
}
@inproceedings{maxcoverage,
  title={Detection and localization of network black holes},
  author={Kompella, Ramana Rao and Yates, Jennifer and Greenberg, Albert and Snoeren, Alex C},
  booktitle={INFOCOM 2007. 26th IEEE International Conference on Computer Communications. IEEE},
  pages={2180--2188},
  year={2007},
  organization={IEEE}
}
@article{codebook,
  title={A coding approach to event correlation.},
  author={Kliger, Shmuel and Yemini, Shaula and Yemini, Yechiam and Ohsie, David and Stolfo, Salvatore J},
  journal={Integrated Network Management},
  volume={95},
  pages={266--277},
  year={1995},
  publisher={Citeseer}
}
@inproceedings{shrink,
  title={Shrink: A tool for failure diagnosis in IP networks},
  author={Kandula, Srikanth and Katabi, Dina and Vasseur, Jean-Philippe},
  booktitle={Proceedings of the 2005 ACM SIGCOMM workshop on Mining network data},
  pages={173--178},
  year={2005},
  organization={ACM}
}

@inproceedings{pinpoint,
  title={Pinpoint: Problem determination in large, dynamic internet services},
  author={Chen, Mike Y and Kiciman, Emre and Fratkin, Eugene and Fox, Armando and Brewer, Eric},
  booktitle={Dependable Systems and Networks, 2002. DSN 2002. Proceedings. International Conference on},
  pages={595--604},
  year={2002},
  organization={IEEE}
}

@inproceedings{sherlock,
  title={Towards highly reliable enterprise network services via inference of multi-level dependencies},
  author={Bahl, Paramvir and Chandra, Ranveer and Greenberg, Albert and Kandula, Srikanth and Maltz, David A and Zhang, Ming},
  booktitle={ACM SIGCOMM Computer Communication Review},
  volume={37},
  number={4},
  pages={13--24},
  year={2007},
  organization={ACM}
}

@inproceedings{netdiagnoser,
  title={NetDiagnoser: Troubleshooting network unreachabilities using end-to-end probes and routing data},
  author={Dhamdhere, Amogh and Teixeira, Renata and Dovrolis, Constantine and Diot, Christophe},
  booktitle={Proceedings of the 2007 ACM CoNEXT conference},
  pages={18},
  year={2007},
  organization={ACM}
}

@inproceedings{abstractions,
  title={Abstractions for network update},
  author={Reitblatt, Mark and Foster, Nate and Rexford, Jennifer and Schlesinger, Cole and Walker, David},
  booktitle={Proceedings of the ACM SIGCOMM 2012 conference on Applications, technologies, architectures, and protocols for computer communication},
  pages={323--334},
  year={2012},
  organization={ACM}
}
@article{nest,
  title={Automating performance diagnosis in networked systems},
  author={Mccann, Justin N},
  year={2012}
}
@inproceedings{nice,
  title={A NICE Way to Test OpenFlow Applications.},
  author={Canini, Marco and Venzano, Daniele and Peresini, Peter and Kostic, Dejan and Rexford, Jennifer and others},
  booktitle={NSDI},
  volume={12},
  pages={127--140},
  year={2012}
}
@inproceedings{libra,
  title={Libra: Divide and conquer to verify forwarding tables in huge networks},
  author={Zeng, Hongyi and Zhang, Shidong and Ye, Fei and Jeyakumar, Vimalkumar and Ju, Mickey and Liu, Junda and McKeown, Nick and Vahdat, Amin},
  booktitle={11th USENIX Symposium on Networked Systems Design and Implementation (NSDI 14). Seattle, WA: USENIX Association},
  pages={87--99},
  year={2014}
}
@inproceedings{netplumber,
  title={Real Time Network Policy Checking Using Header Space Analysis.},
  author={Kazemian, Peyman and Chan, Michael and Zeng, Hongyi and Varghese, George and McKeown, Nick and Whyte, Scott},
  booktitle={NSDI},
  pages={99--111},
  year={2013}
}

@inproceedings{bpf,
  title={The BSD packet filter: A new architecture for user-level packet capture},
  author={McCanne, Steven and Jacobson, Van},
  booktitle={Proceedings of the USENIX Winter 1993 Conference Proceedings on USENIX Winter 1993 Conference Proceedings},
  pages={2--2},
  year={1993},
  organization={USENIX Association}
}


@inproceedings{multiq,
  title={MultiQ: Automated detection of multiple bottleneck capacities along a path},
  author={Katti, Sachin and Katabi, Dina and Blake, Charles and Kohler, Eddie and Strauss, Jacob},
  booktitle={Proceedings of the 4th ACM SIGCOMM conference on Internet measurement},
  pages={245--250},
  year={2004},
  organization={ACM}
}
@article{pathchar,
  title={Packet dispersion techniques and capacity estimation},
  author={Ramanathan, Constantinos Dovrolis Parameswaran and Moore, David},
  publisher={Citeseer}
}

@inproceedings{tomography,
  author = {Bu, Tian and Duffield, Nick and Presti, Francesco Lo and Towsley, Don},
  title = {Network Tomography on General Topologies},
  booktitle = {Proceedings of the 2002 ACM SIGMETRICS International Conference on Measurement and Modeling of Computer Systems},
  series = {SIGMETRICS '02},
  year = {2002},
  isbn = {1-58113-531-9},
  location = {Marina Del Rey, California},
  pages = {21--30},
  numpages = {10},
  url = {http://doi.acm.org/10.1145/511334.511338},
  doi = {10.1145/511334.511338},
  acmid = {511338},
  publisher = {ACM},
  address = {New York, NY, USA},
} 
@inproceedings{qemu,
  title={QEMU, a Fast and Portable Dynamic Translator.},
  author={Bellard, Fabrice},
  booktitle={USENIX Annual Technical Conference, FREENIX Track},
  pages={41--46},
  year={2005}
}

@inproceedings{softveri,
	author = {Mihai Dobrescu and Katerina Argyraki},
	title = {Software Dataplane Verification},
	booktitle = {11th USENIX Symposium on Networked Systems Design and Implementation (NSDI 14)},
	year = {2014},
	month = Apr,
	isbn = {978-1-931971-09-6},
	address = {Seattle, WA},
	pages = {101--114},
	url = {https://www.usenix.org/conference/nsdi14/technical-sessions/presentation/dobrescu},
	publisher = {USENIX Association},
}
@TECHREPORT{cisco2018,
	title = {Cisco Global Cloud Index: Forecast and Methodology, 2013–2018},
	publisher = {White Paper}
}
@phdthesis{ndb_thesis,
  title={Using packet histories to troubleshoot networks},
  author={Handigol, Nikhil Ashok},
  year={2013},
  school={Stanford University}
}
@inproceedings{netsight,
  title={I know what your packet did last hop: Using packet histories to troubleshoot networks},
  author={Handigol, Nikhil and Heller, Brandon and Jeyakumar, Vimalkumar and Mazi{\`e}res, David and McKeown, Nick},
  booktitle={Proc. NSDI},
  year={2014}
}
@article{clouddowntime,
  title={Downtime statistics of current cloud solutions},
  author={Gagnaire, Maurice and Diaz, Felipe and Coti, Camille and Cerin, Christophe and Shiozaki, Kazuhiko and Xu, Yingjie and Delort, Pierre and Smets, Jean-Paul and Le Lous, Jonathan and Lubiarz, Stephen and others},
  journal={International Working Group on Cloud Computing Resiliency, Tech. Rep., June},
  pages={176--189},
  year={2012}
}
@inproceedings{mpa,
  title={Management Plane Analytics},
  author={Gember-Jacobson, Aaron and Wu, Wenfei and Li, Xiujun and Akella, Aditya and Mahajan, Ratul},
  booktitle={Proceedings of the 2015 ACM Conference on Internet Measurement Conference},
  pages={395--408},
  year={2015},
  organization={ACM}
}
@inproceedings{perfsight,
  title={PerfSight: Performance Diagnosis for Software Dataplanes},
  author={Wu, Wenfei and He, Keqiang and Akella, Aditya},
  booktitle={Proceedings of the 2015 ACM Conference on Internet Measurement Conference},
  pages={409--421},
  year={2015},
  organization={ACM}
}


@CONFERENCE{azureoutages,
	TITLE={https://en.wikipedia.org/wiki/Microsoft\_Azure\#Significant\_outages}
}
@CONFERENCE{awsoutages,
    TITLE="https://en.wikipedia.org/wiki/Amazon\_Web\_Services\#History"
}
@inproceedings{mysqlbugs,
  title={Statistical debugging for real-world performance problems},
  author={Song, Linhai and Lu, Shan},
  booktitle={Proceedings of the 2014 ACM International Conference on Object Oriented Programming Systems Languages \& Applications},
  pages={561--578},
  year={2014},
  organization={ACM}
}
@CONFERENCE{kvmbugs,
    TITLE="https://bugzilla.kernel.org/buglist.cgi?quicksearch=KVM"
}
@CONFERENCE{ovsbugs,
    TITLE="https://patchwork.ozlabs.org/project/openvswitch/list/"
}
@CONFERENCE{balancebugs,
    TITLE="http://sourceforge.net/p/balance/bugs/"
}
@CONFERENCE{nfsbugs,
    TITLE="http://sourceforge.net/p/unfs3/bugs/"
}

