%%%Months
@string{JAN = "January"}
@string{FEB = "February"}
@string{MAR = "March"}
@string{APR = "April"}
@string{MAY = "May"}
@string{JUN = "June"}
@string{JUL = "July"}
@string{AUG = "August"}
@string{SEP = "September"}
@string{OCT = "October"}
@string{NOV = "November"}
@string{DEC = "December"}

%%% Journals
@string{PIEEE = "Proceedings of the IEEE"}
@string{IEEEJSAC = "IEEE J. Selected Areas in Communications"}
@string{IEEETN = "IEEE/ACM Trans. Networking"}
@string{IEEETCOM = "IEEE Trans. Communications"}
@string{IEEETIT = "IEEE Trans. Information Theory"}
@string{INTERNETWORK = "Journal of Internetworking: Research and Experience"}
@string{IJDACS = "International Journal on Digital and Analog Communication Systems"}
@string{IJCS = "International Journal on Communication Systems"}
@string{ACMTCS = "ACM Trans. Computer Systems"}
@string{JACM = "J. of the ACM"}
@string{MTA = "Multimedia Tools and Applications"}
@string{CC = "Computer Communications"}
@string{IPJ = "Internet Protocol Journal"}

%%% Conferences
@string{INFOCOM = "Proc. IEEE INFOCOM"}
@string{GLOBECOM = "Proc. IEEE GLOBECOM"}
@string{GINET = "Proc. IEEE Global Internet Symposium"}
@string{INET = "Proc. INET"}
@string{SIGCOMM = "Proc. ACM SIGCOMM"}
@string{SIGMETRICS = "Proc. ACM SIGMETRICS"}
@string{HSNMC="Proc. High Speed Networking and Multimedia Computing Symp."}
@string{ICNP = "Proc. International Conference on Network Protocols"}
@string{ICC = "Proc. International Conference on Communications"}
@string{FTCS = "Proc. International Symposium on Fault-Tolerant Computing"}
@string{ITCOM = "Proc. Workshop on Scalability and Traffic Control in IP Networks, SPIE ITCOM Conference"}
@string{IMW = "Proc. ACM SIGCOMM IMW"}
@string{IMC = "Proc. ACM SIGCOMM IMC"}
@string{HOTNETS = "Proc. Workshop on Hot Topics in Networks"}
@string{NSDI = "Proc. NSDI"}
@string{OSDI = "Proc. Operating Systems Design and Implementation"}
%%% Publishers
@string{AW="Addison-Wesley"}
@string{CP="Cisco Press"}
@string{PH="Prentice Hall"}

@inproceedings{kapoor2013bullet,
  title={Bullet trains: a study of NIC burst behavior at microsecond timescales},
  author={Kapoor, Rishi and Snoeren, Alex C and Voelker, Geoffrey M and Porter, George},
  booktitle={Proceedings of the ninth ACM conference on Emerging networking experiments and technologies},
  pages={133--138},
  year={2013},
  organization={ACM}
}

@inproceedings{kuhlewind2013state,
  title={On the state of ECN and TCP options on the Internet},
  author={K{\"u}hlewind, Mirja and Neuner, Sebastian and Trammell, Brian},
  booktitle={International Conference on Passive and Active Network Measurement},
  pages={135--144},
  year={2013},
  organization={Springer}
}


@misc{cloudlab,
title = "{CloudLab}",
note = "\url{https://www.cloudlab.us/}"}

@misc{ovs-conntrack,
title = "{OVS conntrack support}",
note = "\url{https://lwn.net/Articles/633401/}"}

@misc{tcp-segment-offload,
title = "{Offloading the Segmentation of Large TCP Packets}",
note = "\url{https://msdn.microsoft.com/en-us/windows/hardware/drivers/network/offloading-the-segmentation-of-large-tcp-packets}"}


@misc{limitingandshaping,
title = "Comparing Traffic Policing and Traffic Shaping for Bandwidth Limiting",
note = "\url{http://www.cisco.com/c/en/us/support/docs/quality-of-service-qos/qos-policing/19645-policevsshape.html}"
}

@misc{ovs-qos,
title = "{OpenvSwitch QoS}",
note = "\url{https://github.com/openvswitch/ovs/blob/master/FAQ.md#qos}"
}

@misc{endhost-queue,
title = "{Queueing in the Linux Network Stack}",
note = "\url{https://www.coverfire.com/articles/queueing-in-the-linux-network-stack/}"}

@inproceedings{wu2015perfsight,
  title={Perfsight: Performance diagnosis for software dataplanes},
  author={Wu, Wenfei and He, Keqiang and Akella, Aditya},
  booktitle={Proceedings of the 2015 ACM Conference on Internet Measurement Conference},
  pages={409--421},
  year={2015},
  organization={ACM}
}

@inproceedings{roy2015inside,
  title={Inside the social network's (datacenter) network},
  author={Roy, Arjun and Zeng, Hongyi and Bagga, Jasmeet and Porter, George and Snoeren, Alex C},
  booktitle={ACM SIGCOMM Computer Communication Review},
  volume={45},
  number={4},
  pages={123--137},
  year={2015},
  organization={ACM}
}

@misc{traffic-shaping-ovs,
title = "{Traffic shaping with OVS and SDN}",
note = "\url{https://indico.cern.ch/event/376098/contributions/889480/attachments/749534/1028288/OVS-rv_20150602_v1.pdf}"}

@misc{linux-qdisc,
title = "{Queueing Disciplines for Bandwidth Management}",
note = "\url{http://lartc.org/lartc.html#LARTC.QDISC}"}

@misc{linux-htb-intro,
title = "{HTB Linux queuing discipline manual - user guide}",
note = "\url{http://luxik.cdi.cz/~devik/qos/htb/manual/userg.htm}"}

@misc{openvswitch,
title = "{Open Virtual Switch}",
note = "\url{http://openvswitch.org/}"}

@inproceedings{alizadeh2012less,
  title={Less is more: trading a little bandwidth for ultra-low latency in the data center},
  author={Alizadeh, Mohammad and Kabbani, Abdul and Edsall, Tom and Prabhakar, Balaji and Vahdat, Amin and Yasuda, Masato},
  booktitle={Presented as part of the 9th USENIX Symposium on Networked Systems Design and Implementation (NSDI 12)},
  pages={253--266},
  year={2012}
}

@article{crisan2013got,
  title={Got loss? get zovn!},
  author={Crisan, Daniel and Birke, Robert and Cressier, Gilles and Minkenberg, Cyriel and Gusat, Mitch},
  journal={ACM SIGCOMM Computer Communication Review},
  volume={43},
  number={4},
  pages={423--434},
  year={2013},
  publisher={ACM}
}

@inproceedings{alizadeh2010data,
  title={Data center tcp (dctcp)},
  author={Alizadeh, Mohammad and Greenberg, Albert and Maltz, David A and Padhye, Jitendra and Patel, Parveen and Prabhakar, Balaji and Sengupta, Sudipta and Sridharan, Murari},
  booktitle={ACM SIGCOMM computer communication review},
  volume={40},
  number={4},
  pages={63--74},
  year={2010},
  organization={ACM}
}

@inproceedings{mittal2015timely,
  title={TIMELY: RTT-based Congestion Control for the Datacenter},
  author={Mittal, Radhika and Dukkipati, Nandita and Blem, Emily and Wassel, Hassan and Ghobadi, Monia and Vahdat, Amin and Wang, Yaogong and Wetherall, David and Zats, David and others},
  booktitle={ACM SIGCOMM Computer Communication Review},
  volume={45},
  number={4},
  pages={537--550},
  year={2015},
  organization={ACM}
}

@inproceedings{zhu2015congestion,
  title={Congestion control for large-scale RDMA deployments},
  author={Zhu, Yibo and Eran, Haggai and Firestone, Daniel and Guo, Chuanxiong and Lipshteyn, Marina and Liron, Yehonatan and Padhye, Jitendra and Raindel, Shachar and Yahia, Mohamad Haj and Zhang, Ming},
  booktitle={ACM SIGCOMM Computer Communication Review},
  volume={45},
  number={4},
  pages={523--536},
  year={2015},
  organization={ACM}
}

@inproceedings{he2016ac,
  title={AC/DC TCP: Virtual Congestion Control Enforcement for Datacenter Networks},
  author={He, Keqiang and Rozner, Eric and Agarwal, Kanak and Gu, Yu Jason and Felter, Wes and Carter, John and Akella, Aditya},
  booktitle={Proceedings of the 2016 conference on ACM SIGCOMM 2016 Conference},
  pages={244--257},
  year={2016},
  organization={ACM}
}

@inproceedings{cronkite2016virtualized,
  title={Virtualized Congestion Control},
  author={Cronkite-Ratcliff, Bryce and Bergman, Aran and Vargaftik, Shay and Ravi, Madhusudhan and McKeown, Nick and Abraham, Ittai and Keslassy, Isaac},
  booktitle={Proceedings of the 2016 conference on ACM SIGCOMM 2016 Conference},
  pages={230--243},
  year={2016},
  organization={ACM}
}

@inproceedings{shieh2011sharing,
  title={Sharing the Data Center Network.},
  author={Shieh, Alan and Kandula, Srikanth and Greenberg, Albert G and Kim, Changhoon and Saha, Bikas},
  booktitle={NSDI},
  volume={11},
  pages={23--23},
  year={2011}
}

@inproceedings{rodrigues2011gatekeeper,
  title={Gatekeeper: Supporting Bandwidth Guarantees for Multi-tenant Datacenter Networks.},
  author={Rodrigues, Henrique and Santos, Jose Renato and Turner, Yoshio and Soares, Paolo and Guedes, Dorgival O},
  booktitle={WIOV},
  year={2011}
}

@inproceedings{jeyakumar2013eyeq,
  title={EyeQ: practical network performance isolation at the edge},
  author={Jeyakumar, Vimalkumar and Alizadeh, Mohammad and Mazi{\`e}res, David and Prabhakar, Balaji and Greenberg, Albert and Kim, Changhoon},
  booktitle={Presented as part of the 10th USENIX Symposium on Networked Systems Design and Implementation (NSDI 13)},
  pages={297--311},
  year={2013}
}


@inproceedings{grosvenor2015queues,
  title={Queues don't matter when you can jump them!},
  author={Grosvenor, Matthew P and Schwarzkopf, Malte and Gog, Ionel and Watson, Robert NM and Moore, Andrew W and Hand, Steven and Crowcroft, Jon},
  booktitle={NSDI},
  pages={1--14},
  year={2015}
}

@inproceedings{bai2015information,
  title={Information-agnostic flow scheduling for commodity data centers},
  author={Bai, Wei and Chen, Li and Chen, Kai and Han, Dongsu and Tian, Chen and Wang, Hao},
  booktitle={12th USENIX Symposium on Networked Systems Design and Implementation (NSDI 15)},
  pages={455--468},
  year={2015}
}
