%% This BibTeX bibliography file was created using BibDesk.
%% http://bibdesk.sourceforge.net/


%% Created for Colin Dixon at 2014-01-31 08:43:52 -0600 

@inproceedings{wilson2011better,
  title={Better never than late: Meeting deadlines in datacenter networks},
  author={Wilson, Christo and Ballani, Hitesh and Karagiannis, Thomas and Rowtron, Ant},
  booktitle={ACM SIGCOMM Computer Communication Review},
  volume={41},
  number={4},
  pages={50--61},
  year={2011},
  organization={ACM}
}

@inproceedings{casado2007ethane,
  title={Ethane: Taking control of the enterprise},
  author={Casado, Martin and Freedman, Michael J and Pettit, Justin and Luo, Jianying and McKeown, Nick and Shenker, Scott},
  booktitle={ACM SIGCOMM Computer Communication Review},
  volume={37},
  number={4},
  pages={1--12},
  year={2007},
  organization={ACM}
}

@misc{cisco-predict,
  Howpublished = {\url{http://www.cisco.com/c/dam/en/us/solutions/collateral/service-provider/global-cloud-index-gci/white-paper-c11-738085.pdf}},
  key = {{Cisco Global Cloud Index: Forecast and Methodology, 2015-2020}},
  Title = {{Cisco Global Cloud Index: Forecast and Methodology, 2015â€“2020}},
}

@misc{amazon-aws,
  Howpublished = {\url{https://aws.amazon.com/}},
  key = {{Amazon Web Services}},
  Title = {{Amazon Web Services}},
}

@misc{amazon-route53,
  Howpublished = {\url{https://aws.amazon.com/route53/}},
  key = {{Amazon Route 53}},
  Title = {{Amazon Route 53}},
}

@misc{microsoft-azure,
  Howpublished = {\url{https://azure.microsoft.com/en-us/?b=16.33}},
  key = {{Microsoft Azure}},
  Title = {{Microsoft Azure}},
}

@misc{ibm-softlayer,
  Howpublished = {\url{http://www.softlayer.com/}},
  key = {{IBM SoftLayer}},
  Title = {{IBM SoftLayer}},
}

@misc{ibm-bluemix,
  Howpublished = {\url{http://www.ibm.com/cloud-computing/bluemix/}},
  key = {{IBM Bluemix}},
  Title = {{IBM Bluemix}},
}

@misc{google-compute,
  Howpublished = {\url{https://cloud.google.com/compute/}},
  key = {{Google Compute Engine}},
  Title = {{Google Compute Engine}},
}

@misc{cloud-market2020,
  Howpublished = {\url{http://www.cloudcomputingmarket.com/}},
  key = {{Cloud Computing Market}},
  Title = {{Cloud Computing Market}},
}

@inproceedings{he2016ac,
  title={AC/DC TCP: Virtual Congestion Control Enforcement for Datacenter Networks},
  author={He, Keqiang and Rozner, Eric and Agarwal, Kanak and Gu, Yu Jason and Felter, Wes and Carter, John and Akella, Aditya},
  booktitle={Proceedings of the 2016 conference on ACM SIGCOMM 2016 Conference},
  pages={244--257},
  year={2016},
  organization={ACM}
}

@inproceedings{cronkite2016virtualized,
  title={Virtualized Congestion Control},
  author={Cronkite-Ratcliff, Bryce and Bergman, Aran and Vargaftik, Shay and Ravi, Madhusudhan and McKeown, Nick and Abraham, Ittai and Keslassy, Isaac},
  booktitle={Proceedings of the 2016 conference on ACM SIGCOMM 2016 Conference},
  pages={230--243},
  year={2016},
  organization={ACM}
}


@inproceedings{bai2015information,
  title={Information-agnostic flow scheduling for commodity data centers},
  author={Bai, Wei and Chen, Li and Chen, Kai and Han, Dongsu and Tian, Chen and Wang, Hao},
  booktitle={12th USENIX Symposium on Networked Systems Design and Implementation (NSDI 15)},
  pages={455--468},
  year={2015}
}

@misc{linuxgro,
        Howpublished = {\url{https://lwn.net/Articles/358910/}},
        Key = {{JLS2009: Generic receive offload}},
        Title = {{JLS2009: Generic Receive Offload}}}

@misc{openvswitch,
title = "{Open Virtual Switch}",
note = "\url{http://openvswitch.org/}"}

@inproceedings{roy2015inside,
  title={Inside the social network's (datacenter) network},
  author={Roy, Arjun and Zeng, Hongyi and Bagga, Jasmeet and Porter, George and Snoeren, Alex C},
  booktitle={ACM SIGCOMM Computer Communication Review},
  volume={45},
  number={4},
  pages={123--137},
  year={2015},
  organization={ACM}
}

@misc{traffic-shaping-ovs,
title = "{Traffic shaping with OVS and SDN}",
note = "\url{https://indico.cern.ch/event/376098/contributions/889480/attachments/749534/1028288/OVS-rv_20150602_v1.pdf}"}

@misc{linux-qdisc,
title = "{Queueing Disciplines for Bandwidth Management}",
note = "\url{http://lartc.org/lartc.html#LARTC.QDISC}"}

@misc{linux-htb-intro,
title = "{HTB Linux queuing discipline manual - user guide}",
note = "\url{http://luxik.cdi.cz/~devik/qos/htb/manual/userg.htm}"}

@misc{ovs-qos,
title = "{OpenvSwitch QoS}",
note = "\url{https://github.com/openvswitch/ovs/blob/master/FAQ.md#qos}"
}

@misc{endhost-queue,
title = "{Queueing in the Linux Network Stack}",
note = "\url{https://www.coverfire.com/articles/queueing-in-the-linux-network-stack/}"}

@inproceedings{wu2015perfsight,
  title={Perfsight: Performance diagnosis for software dataplanes},
  author={Wu, Wenfei and He, Keqiang and Akella, Aditya},
  booktitle={Proceedings of the 2015 ACM Conference on Internet Measurement Conference},
  pages={409--421},
  year={2015},
  organization={ACM}
}

@misc{cloudlab,
title = "{CloudLab}",
note = "\url{https://www.cloudlab.us/}"}


@misc{tcp-segment-offload,
title = "{Offloading the Segmentation of Large TCP Packets}",
note = "\url{https://msdn.microsoft.com/en-us/windows/hardware/drivers/network/offloading-the-segmentation-of-large-tcp-packets}"}


@misc{limitingandshaping,
title = "Comparing Traffic Policing and Traffic Shaping for Bandwidth Limiting",
note = "\url{http://www.cisco.com/c/en/us/support/docs/quality-of-service-qos/qos-policing/19645-policevsshape.html}"
}

@inproceedings{kapoor2013bullet,
  title={Bullet trains: a study of NIC burst behavior at microsecond timescales},
  author={Kapoor, Rishi and Snoeren, Alex C and Voelker, Geoffrey M and Porter, George},
  booktitle={Proceedings of the ninth ACM conference on Emerging networking experiments and technologies},
  pages={133--138},
  year={2013},
  organization={ACM}
}

@inproceedings{kuhlewind2013state,
  title={On the state of ECN and TCP options on the Internet},
  author={K{\"u}hlewind, Mirja and Neuner, Sebastian and Trammell, Brian},
  booktitle={International Conference on Passive and Active Network Measurement},
  pages={135--144},
  year={2013},
  organization={Springer}
}

@misc{rss,
        Howpublished = {\url{https://technet.microsoft.com/en-us/library/hh997036.aspx}},
        Key = {{Receive Side Scaling}},
        Title = {{Receive Side Scaling (RSS)}}}

@misc{vxlan-bench,
        Howpublished = {\url{http://www.vmware.com/files/pdf/techpaper/VMware-vSphere-VXLAN-Perf.pdf}},
        Key = {{VXLAN Performance Evaluation on VMware vSphere 5.1}},
        Title = {{VXLAN Performance Evaluation on VMware vSphere 5.1}}}

@misc{nuttcp,
        Howpublished = {\url{http://www.nuttcp.net/Welcome%20Page.html}},
        Key = {{nuttcp}},
        Title = {Nuttcp}
}

@inproceedings{pfaff2015design,
  title={{The Design and Implementation of Open vSwitch}},
  author={Pfaff, Ben and Pettit, Justin and Koponen, Teemu and Jackson, Ethan J and Zhou, Andy and Rajahalme, Jarno and Gross, Jesse and Wang, Alex and Stringer, Jonathan and Shelar, Pravin and others},
  booktitle={NSDI},
  year={2015}
}

@inproceedings{eden,
  title={{Enabling End Host Network Functions}},
  author={Ballani, Hitesh and Costa, Paolo and Gkantsidis, Christos and Grosvenor, Matthew P and Karagiannis, Thomas and Koromilas, Lazaros and O'Shea, Greg},
  booktitle={SIGCOMM},
  year={2015},
}

@inproceedings{paxson1997end,
  title={{End-to-end Internet Packet Dynamics}},
  author={Paxson, Vern},
  booktitle={ACM SIGCOMM Computer Communication Review},
  year={1997},
}

@inproceedings{open-lro,
 author = {Antichi, Gianni and Callegari, Christian and Giordano, Stefano},
 title = {{Implementation of TCP Large Receive Offload on Open Hardware Platform}},
 booktitle = {Proceedings of the First Edition Workshop on High Performance and Programmable Networking},
 series = {HPPN '13},
 year = {2013},
} 

@article{leung2007overview,
  title={{An Overview of Packet Reordering in Transmission Control Protocol (TCP): Problems, Solutions, and Challenges}},
  author={Leung, Ka-Cheong and Li, Victor OK and Yang, Daiqin},
  journal={Parallel and Distributed Systems, IEEE Transactions on},
  year={2007},
}

@article{blanton2002making,
  title={{On Making TCP More Robust to Packet Reordering}},
  author={Blanton, Ethan and Allman, Mark},
  journal={ACM SIGCOMM Computer Communication Review},
  year={2002},
}

@article{jain-fair,
  author    = {Raj Jain and
               Dah{-}Ming Chiu and
               W. Hawe},
  title     = {{A Quantitative Measure Of Fairness And Discrimination For Resource
               Allocation In Shared Computer Systems}},
  journal   = {CoRR},
  year      = {1998},
}

@INPROCEEDINGS{tcp-pr,
    author = {Stephan Bohacek and Joao P. Hespanha and Junsoo Lee and Chansook Lim and Katia Obraczka},
    title = {{TCP-PR: TCP for Persistent Packet Reordering}},
    booktitle = {ICDCS},
    year = {2003},
    pages = {222--231}
}

@INPROCEEDINGS{fastpass,
  title={{Fastpass: A Centralized "Zero-Queue" Datacenter Network}},
  author={Perry, Jonathan and Ousterhout, Amy and Balakrishnan, Hari and Shah, Devavrat and Fugal, Hans},
  booktitle={SIGCOMM}, 
  year={2014},
}

@INPROCEEDINGS{impr-reord,
    author = {Arjuna Sathiaseelan and Tomasz Radzik},
    title = {{Improving the Performance of TCP in the Case of Packet Reordering}},
    booktitle = {Proc. IEEE HSNMC},
    year = {2004},
}

@inproceedings{farrington2013facebook,
  title={{Facebook's Data Center Network Architecture}},
  author={Farrington, Nathan and Andreyev, Alexey},
  booktitle={IEEE Opt. Interconnects Conf},
  year={2013},
}

%% Saved with string encoding Unicode (UTF-8) 
@article{cubic,
 author = {Ha, Sangtae and Rhee, Injong and Xu, Lisong},
 title = {{CUBIC: A New TCP-friendly High-speed TCP Variant}},
 journal = {SIGOPS Oper. Syst. Rev.},
 issue_date = {July 2008},
 year = {2008},
} 

@misc{aws-peek,
        Author = {Timothy Prickett Morgan },
        Howpublished = {\url{http://www.enterprisetech.com/2014/11/14/rare-peek-massive-scale-aws/}},
        Month = {November},
        Title = {{A Rare Peek Into The Massive Scale of AWS}},
        Year = {2014}}


@misc{vmware,
        Author = {Martin Casado and Justin Pettit},
        Howpublished = {\url{http://networkheresy.com/2013/11/01/of-mice-and-elephants/}},
        Month = {November},
        Title = {{Of Mice and Elephants}},
        Year = {2013}}

@inproceedings{conga,
  title={{CONGA: Distributed Congestion-aware Load Balancing for Datacenters}},
  author={Alizadeh, Mohammad and Edsall, Tom and Dharmapurikar, Sarang and Vaidyanathan, Ramanan and Chu, Kevin and Fingerhut, Andy and Matus, Francis and Pan, Rong and Yadav, Navindra and Varghese, George and others},
  booktitle={SIGCOMM},
  year={2014},
}

@inproceedings{detail,
  title={{DeTail: Reducing the Flow Completion Time Tail in Datacenter Networks}},
  author={Zats, David and Das, Tathagata and Mohan, Prashanth and Borthakur, Dhruba and Katz, Randy},
  booktitle={SIGCOMM},
  year={2012},
}


@inproceedings{hull,
  title={{Less Is More: Trading a Little Bandwidth for Ultra-Low Latency in the Data Center}},
  author={Alizadeh, Mohammad and Kabbani, Abdul and Edsall, Tom and Prabhakar, Balaji and Vahdat, Amin and Yasuda, Masato},
  booktitle={NSDI},
  year={2012}
}

@inproceedings{planck,
  title={{Planck: Millisecond-scale Monitoring and Control for Commodity Networks}},
  author={Rasley, Jeff and Stephens, Brent and Dixon, Colin and Rozner, Eric and Felter, Wes and Agarwal, Kanak and Carter, John and Fonseca, Rodrigo},
  booktitle={SIGCOMM},
  year={2014}
}

@inproceedings{packetspray,
  title={{On the Impact of Packet Spraying in Data Center Networks}},
  author={Dixit, Advait and Prakash, Pawan and Hu, Y Charlie and Kompella, Ramana Rao},
  booktitle={INFOCOM},
  year={2013},
}

@inproceedings{drb,
  title={{Per-packet Load-balanced, Low-latency Routing for Clos-based Data Center Networks}},
  author={Cao, Jiaxin and Xia, Rui and Yang, Pengkun and Guo, Chuanxiong and Lu, Guohan and Yuan, Lihua and Zheng, Yixin and Wu, Haitao and Xiong, Yongqiang and Maltz, Dave},
  booktitle={CoNEXT},
  year={2013},
}

@inproceedings{wcmp,
  title={{WCMP: Weighted Cost Multipathing for Improved Fairness in Data Centers}},
  author={Zhou, Junlan and Tewari, Malveeka and Zhu, Min and Kabbani, Abdul and Poutievski, Leon and Singh, Arjun and Vahdat, Amin},
  booktitle={EuroSys},
  year={2014},
}

@inproceedings{kandula2009nature,
  title={{The Nature of Data Center Traffic: Measurements \& Analysis}},
  author={Kandula, Srikanth and Sengupta, Sudipta and Greenberg, Albert and Patel, Parveen and Chaiken, Ronnie},
  booktitle={IMC},
  year={2009},
}

@article{vxlan,
  title={{Virtual eXtensible Local Area Network (VXLAN): A Framework for Overlaying Virtualized Layer 2 Networks over Layer 3 Networks}},
  author={Mahalingam, M and Dutt, D and Duda, K and Agarwal, P and Kreeger, L and Sridhar, T and Bursell, M and Wright, C},
  journal={Internet Req. Comments},
  year={2014}
}


@article{nvgre,
  title={{NVGRE: Network Virtualization using Generic Routing Encapsulation}},
  author={Sridharan, M and Duda, K and Ganga, I and Greenberg, A and Lin, G and Pearson, M and Thaler, P and Tumuluri, C and Venkataramiah, N and Wang, Y},
  journal={IETF draft},
  year={2011}
}


@misc{arista,
        Howpublished = {\url{http://www.arista.com/assets/data/pdf/Datasheets/7250QX-64_Datasheet.pdf}},
        Key = {{Arista 7250QX Series 10/40G Data Center Switches}},
        Title = {{Arista 7250QX Series 10/40G Data Center Switches}}}

@misc{smart-table,
        Author = {Sujal Das},
        Howpublished = {\url{http://www.broadcom.com/collateral/wp/StrataXGS_SmartSwitch-WP101-R.pdf}},
        Month = {July},
        Title = {{Smart-Table Technology---Enabling Very Large Server, Storage Nodes and Virtual Machines to Scale Using Flexible Network Infrastructure Topologies}},
        Year = {2012}}

@misc{cisco-nexus9000,
        Howpublished = {\url{http://www.cisco.com/c/en/us/products/switches/nexus-9000-series-switches/index.html}},
        Key = {{Cisco Nexus 9000 Series Switches}},
        Title = {{Cisco Nexus 9000 Series Switches}}}

@inproceedings{shadow-mac,
  title={{Shadow MACs: Scalable Label-switching for Commodity Ethernet}},
  author={Agarwal, Kanak and Dixon, Colin and Rozner, Eric and Carter, John},
  booktitle={HotSDN},
  year={2014},
}

@inproceedings{flowlet,
  title={{Harnessing TCPs Burstiness using Flowlet Switching}},
  author={Sinha, Shan and Kandula, Srikanth and Katabi, Dina},
  booktitle={HotNets},
  year={2004}
}

@inproceedings{ovs-extending,
  title={{Extending Networking into the Virtualization Layer}},
  author={Pfaff, Ben and Pettit, Justin and Amidon, Keith and Casado, Martin and Koponen, Teemu and Shenker, Scott},
  booktitle={HotNets},
  year={2009}
}

@inproceedings{nv-mtd,
  title={{Network Virtualization in Multi-tenant Datacenters}},
  author={Koponen, Teemu and Amidon, Keith and Balland, Peter and Casado, Mart{\'\i}n and Chanda, Anupam and Fulton, Bryan and Ganichev, Igor and Gross, Jesse and Gude, Natasha and Ingram, Paul and others},
  booktitle={NSDI},
  year={2014}
}

@misc{ovs-edge-web,
        Author = {Justin Pettit},
        Howpublished = {\url{http://openvswitch.org/slides/OpenStack-140513.pdf}},
        Title = {{Open vSwitch and the Intelligent Edge}},
        Year = {2014}}

@inproceedings{ovs-edge,
        Author = {Justin Pettit},
        booktitle = {OpenStack Summit},
        Title = {{Open vSwitch and the Intelligent Edge}},
        Year = {2014}}

@misc{ovs-website,
        Howpublished = {\url{http://openvswitch.org}},
	key = {{Open vSwitch}},
        Title = {{Open vSwitch}},
        }

@misc{sockperf,
        Howpublished = {\url{https://code.google.com/p/sockperf/}},
	key = {{Sockperf: A Network Benchmarking Utility over Socket API}},
        Title = {{Sockperf: A Network Benchmarking Utility over Socket API}},
        }


@inproceedings{tcp-offload,
  title={{TCP Offload Is a Dumb Idea Whose Time Has Come}},
  author={Mogul, Jeffrey C},
  booktitle={HotOS},
  year={2003}
}

@inproceedings{optimize-tcp-receive,
  title={{Optimizing TCP Receive Performance}},
  author={Menon, Aravind and Zwaenepoel, Willy},
  booktitle={USENIX Annual Technical Conference},
  year={2008},
}

@inproceedings{gro,
        Title = {{GRO: Surviving 10Gbp/s with Cycles to Spare}},
	author={Herbert Xu},
  	booktitle={Japan Linux Symposium},
  	year={2009}
        }

@misc{kernel,
        Howpublished = {\url{https://www.kernel.org}},
	key = {{Linux Kernel}},
        Title = {{Linux Kernel}},
        }
@book{understanding-linux-network,
  title={{Understanding Linux Network Internals}},
  author={Benvenuti, Christian},
  year={2006},
  publisher={O'Reilly Media, Inc.}
}

@misc{tsq,
        Howpublished = {\url{http://lwn.net/Articles/506237/}},
        Title = {{TCP Small Queues}},
	author={Eric Dumazet},
	year={2012}
        }
@inproceedings{dc-failures,
  title={{Understanding Network Failures in Data Centers: Measurement, Analysis, and Implications}},
  author={Gill, Phillipa and Jain, Navendu and Nagappan, Nachiappan},
  booktitle={SIGCOMM},
  year={2011},
}

@inproceedings{paasch2013benefits,
  title={{On the Benefits of Applying Experimental Design to Improve Multipath TCP}},
  author={Paasch, Christoph and Khalili, Ramin and Bonaventure, Olivier},
  booktitle={CoNEXT},
  year={2013},
}

@misc{mptcp-linux,
        Howpublished = {\url{http://www.multipath-tcp.org}},
	key = {{MPTCP Linux Kernel Implementation}},
        Title = {{MPTCP Linux Kernel Implementation}},
        }

@inproceedings{mptcp-not-optimal,
 author = {Khalili, Ramin and Gast, Nicolas and Popovic, Miroslav and Upadhyay, Utkarsh and Le Boudec, Jean-Yves},
 title = {{MPTCP is Not Pareto-optimal: Performance Issues and a Possible Solution}},
 booktitle = {CoNEXT},
 year = {2012},
} 

@inproceedings{casado2012fabric,
  title={{Fabric: A Retrospective on Evolving SDN}},
  author={Casado, Martin and Koponen, Teemu and Shenker, Scott and Tootoonchian, Amin},
  booktitle={HotSDN},
  year={2012},
}


@article{wu2009sorting,
  title={{Sorting Reordered Packets with Interrupt Coalescing}},
  author={Wu, Wenji and Demar, Phil and Crawford, Matt},
  journal={Computer Networks},
  year={2009},
}

@article{mogul1997eliminating,
  title={{Eliminating Receive Livelock in An Interrupt-driven Kernel}},
  author={Mogul, Jeffrey C and Ramakrishnan, KK},
  journal={ACM Transactions on Computer Systems},
  year={1997}
}


@misc{cisco-aci,
	Howpublished = {\url{http://www.cisco.com/c/en/us/td/docs/switches/datacenter/aci/apic/sw/1-x/aci-fundamentals/b_ACI-Fundamentals.pdf}},
	Title = {{Cisco Application Centric Infrastructure Fundamentals}},
        year={2014}
        }
@misc{juniper-vcf2,
        Howpublished = {\url{http://forums.juniper.net/t5/Data-Center-Technologists/Adaptive-Flowlet-Splicing-VCF-s-Fine-Grained-Adaptive-Load/ba-p/251674}},
        key = {{Adaptive Flowlet Splicing---VCF's Fine-Grained Adaptive Load Balancing Without Packet Re-ordering}},
	Title = {{Adaptive Flowlet Splicing---VCF's Fine-Grained Adaptive Load Balancing Without Packet Re-ordering}},
        year={2014}
        }
@book{juniper-vcf,
  title={{Juniper QFX5100 Series: A Comprehensive Guide to Building Next-Generation Networks}},
  author={Douglas Richard Hanks},
  year={2014},
  publisher={O'Reilly Media, Inc.}
}

@inproceedings{rr-tcp,
  title={{RR-TCP: A Reordering-robust TCP with DSACK}},
  author={Zhang, Ming and Karp, Brad and Floyd, Sally and Peterson, Larry},
  booktitle={ICNP},
  year={2003},
}

@inproceedings{he2013next,
  title={{Next Stop, the Cloud: Understanding Modern Web Service Deployment in EC2 and Azure}},
  author={He, Keqiang and Fisher, Alexis and Wang, Liang and Gember, Aaron and Akella, Aditya and Ristenpart, Thomas},
  booktitle={IMC},
  year={2013},
}

@inproceedings{grossman2005large,
  title={{Large Receive Offload Implementation in Neterion 10GbE Ethernet Driver}},
  author={Grossman, Leonid},
  booktitle={Linux Symposium},
  year={2005}
}

@misc{ms-rsc,
        Howpublished = {\url{http://technet.microsoft.com/en-us/library/hh997024.aspx}},
	key = {{Receive Segment Coalescing (RSC)}},
        Title = {{Receive Segment Coalescing (RSC)}},
        }

@misc{openflow1.3,
        Howpublished = {\url{https://www.opennetworking.org/images/stories/downloads/sdn-resources/onf-specifications/openflow/openflow-spec-v1.3.0.pdf}},
        key = {{OpenFlow Switch Specification}},
	Title = {{OpenFlow Switch Specification}},
        }

@misc{ipblog-failover,
	Author = {Ivan Pepelnjak},
        Howpublished = {\url{http://blog.ipspace.net/2012/02/necibm-enterprise-openflow-you-can.html}},
        Title = {{NEC+IBM: Enterprise OpenFlow You can Actually Touch}},
        }
@misc{huawei-failover,
	Author = {Wu Chou and Min Luo},
        Howpublished = {\url{http://huaweiempresas.com/img_eventos/140314/SDN_Workshop_2.pdf}},
        Title = {{Agile Network, Agile World: the SDN Approach}},
        }


@misc{east-west,
        Howpublished = {\url{http://h17007.www1.hp.com/docs/mark/4aa3-3346enw.pdf}},
	key = {{Building Virtualization-Optimized Data Center Networks}},
        Title = {{Building Virtualization-Optimized Data Center Networks}},
        }

@inproceedings{flowbender,
  title={{FlowBender: Flow-level Adaptive Routing for Improved Latency and Throughput in Datacenter Networks}},
  author={Kabbani, Abdul and Vamanan, Balajee and Hasan, Jahangir and Duchene, Fabien},
  booktitle={CoNEXT},
  year={2014},
}

%%//////////////
@inproceedings{faircloud,
	Author = {Lucian Popa and Gautam Kumar and Mosharaf Chowdhury and Arvind Krishnamurthy and Sylvia Ratnasamy and Ion Stoica},
	Booktitle = {SIGCOMM},
	Date-Added = {2014-01-31 03:28:33 +0000},
	Date-Modified = {2014-01-31 03:29:31 +0000},
	Title = {{FairCloud: Sharing the Network in Cloud Computing}},
	Year = {2013}}

@inproceedings{eyeq,
	Author = {Vimalkumar Jeyakumar and Mohammad Alizadeh and David Mazi\`{e}res and Balaji Prabhakar and Changhoon Kim and Albert Greenberg},
	Booktitle = {NSDI},
	Date-Added = {2014-01-31 03:26:32 +0000},
	Date-Modified = {2014-01-31 03:33:38 +0000},
	Title = {{EyeQ: Practical Network Performance Isolation at the Edge}},
	Year = {2013}}

@inproceedings{seawall,
	Author = {Alan Shieh and Srikanth Kandula and Albert Greenberg and Changhoon Kim and Bikas Saha},
	Booktitle = {NSDI},
	Title = {{Sharing the Data Center Network}},
	Year = {2011}}

@inproceedings{swan,
	Author = {Chi-Yao Hong and Srikanth Kandula and Ratul Mahajan and Ming Zhang and Vijay Gill and Mohan Nanduri and Roger Wattenhofer},
	Booktitle = {SIGCOMM},
	Title = {{Achieving High Utilization with Software-driven {WAN}}},
	Year = {2013}}

@inproceedings{b4,
	Author = {Sushant Jain and Alok Kumar and Subhasree Mandal and Joon Ong and Leon Poutievski and Arjun Singh and Subbaiah Venkata and Jim Wanderer and Junlan Zhou and Min Zhu and Jon Zolla and Urs H\"{o}lzle and Stephen Stuart and Amin Vahdat},
	Booktitle = {SIGCOMM},
	Title = {{B4: Experience with a Globally-deployed Software Defined WAN}},
	Year = {2013}}

@inproceedings{bullettrains,
	Author = {Rishi Kapoor and Alex C. Snoeren and Geoffrey M. Voelker and George Porter},
	Booktitle = {CoNEXT},
	Title = {{Bullet Trains: A Study of NIC Burst Behavior at Microsecond Timescales}},
	Year = 2013}

@article{red,
	Author = {S Floyd and V Jacobson},
	Date-Added = {2014-01-26 19:53:25 +0000},
	Date-Modified = {2014-01-26 19:55:48 +0000},
	Journal = {Transactions on Networking},
	Number = {4},
	Title = {{Random Early Detection gateways for Congestion Avoidance}},
	Volume = {1},
	Year = {1993}}

@misc{intel-80gbps,
	Date-Added = {2013-09-26 16:57:24 +0000},
	Date-Modified = {2013-09-26 16:58:56 +0000},
	Howpublished = {\url{http://goo.gl/qdg3rZ}},
	Key = {Intel},
	Month = {December},
	Title = {{Intel{\textregistered} Data Plane Development Kit (Intel{\textregistered} DPDK) Overview Packet Processing on Intel{\textregistered} Architecture}},
	Year = {2012}}

@misc{vmware-80gbps,
	Author = {Rishi Mehta},
	Date-Added = {2013-09-26 16:56:22 +0000},
	Date-Modified = {2013-09-26 16:57:15 +0000},
	Howpublished = {\url{http://blogs.vmware.com/performance/2013/09/line-rate-performance-with-80gbe-and-vsphere-5-5-2.html}},
	Month = {September},
	Title = {Line-Rate Performance with 80GbE and vSphere 5.5},
	Year = {2013}}

@inproceedings{pane,
	Author = {Andrew D. Ferguson and Arjun Guha and Chen Liang and Rodrigo Fonseca and Shriram Krishnamurthi},
	Booktitle = {SIGCOMM},
	Date-Added = {2013-09-26 16:24:05 +0000},
	Date-Modified = {2013-09-26 16:25:24 +0000},
	Title = {{Participatory Networking: An API for Application Control of SDNs}},
	Year = {2013}}

@misc{web10g,
	Date-Added = {2013-09-26 16:11:56 +0000},
	Date-Modified = {2013-09-26 16:12:18 +0000},
	Howpublished = {\url{http://web10g.org/}},
	Key = {Web10G},
	Title = {{Web10G}}}

@misc{sFlowRT-detect,
	Date-Added = {2013-09-26 04:34:21 +0000},
	Date-Modified = {2013-09-26 04:35:13 +0000},
	Howpublished = {\url{http://blog.sflow.com/2013/06/large-flow-detection-script.html}},
	Key = {sFlow-RT},
	Month = {June},
	Title = {{Large Flow Detection Script}},
	Year = {2013}}

@inproceedings{c-through,
	Author = {Guohui Wang and David G. Andersen and Michael Kaminsky and Konstantina Papagiannaki and T. S. Eugene Ng and Michael Kozuch and Michael Ryan},
	Booktitle = {SIGCOMM},
	Date-Added = {2013-09-26 04:24:32 +0000},
	Date-Modified = {2013-09-26 04:26:06 +0000},
	Title = {{c-Through: Part-time Optics in Data Centers}},
	Year = {2010}}

@inproceedings{asic-counters,
	Author = {Jeffrey C. Mogul and Paul Congdon},
	Booktitle = {HotSDN},
	Date-Added = {2013-09-24 21:37:19 +0000},
	Date-Modified = {2013-09-24 21:37:19 +0000},
	Title = {{Hey, You Darned Counters! Get Off My ASIC!}},
	Year = {2012}}

@inproceedings{network-update,
	Author = {Mark Reitblatt and Nate Foster and Jennifer Rexford and Cole Schlesinger and David Walker},
	Booktitle = {SIGCOMM},
	Title = {Abstractions for Network Update},
	Year = 2012}

@misc{snmp,
	Date-Added = {2013-09-22 22:54:10 +0000},
	Date-Modified = {2013-09-22 22:55:09 +0000},
	Howpublished = {{RFC} 3416. \url{http://www.ietf.org/rfc/rfc3416.txt}},
	Key = {SNMP},
	Title = {{Version 2 of the Protocol Operations for the Simple Network Management Protocol (SNMP)}}}

@misc{cisco-span,
	Date-Added = {2013-09-22 22:44:29 +0000},
	Date-Modified = {2013-09-22 22:50:18 +0000},
	Howpublished = {\url{http://www.cisco.com/en/US/products/hw/switches/ps708/products_tech_note09186a008015c612.shtml}},
	Key = {Catalyst},
	Title = {Catalyst Switched Port Analyzer {(SPAN)} Configuration Example - {Cisco Systems}}}

@inproceedings{opensample,
  title={Open{S}ample: {A} {L}ow-latency, {S}ampling-based {M}easurement {P}latform for {SDN}},
  author={Junho Suh and Ted ``Taekyoung'' Kwon and Colin Dixon and Wes Felter and John Carter},
  booktitle={ICDCS},
  year={2014},
}

@inproceedings{tdma,
	Author = {Bhanu C. Vattikonda and George Porter and Amin Vahdat and Alex C. Snoeren},
	Booktitle = {EuroSys},
	Date-Added = {2013-09-20 23:40:16 +0000},
	Date-Modified = {2013-09-21 21:32:16 +0000},
	Title = {Practical {TDMA} for Datacenter Ethernet},
	Year = {2012}}

@misc{netchannels,
	Author = {Van Jacobson},
	Date-Added = {2013-09-18 19:45:41 +0000},
	Date-Modified = {2013-09-18 19:45:41 +0000},
	Howpublished = {\url{http://lwn.net/Articles/169961/}},
	Month = {January},
	Title = {{Van Jacobson's Network Channels}},
	Year = {2006}}

@misc{pfring,
	Date-Added = {2013-09-18 19:45:34 +0000},
	Date-Modified = {2013-09-22 22:50:57 +0000},
	Howpublished = {\url{http://www.ntop.org/products/pf_ring/}},
	Key = {pfring},
	Title = {{PF\_RING: High-speed Packet Capture, Filtering and Analysis}}}

@inproceedings{devoflow,
	Author = {Andrew R. Curtis and Jeffrey C. Mogul and Jean Tourrilhes and Praveen Yalagandula and Puneet Sharma and Sujata Banerjee},
	Booktitle = {SIGCOMM},
	Date-Added = {2013-09-18 19:22:38 +0000},
	Date-Modified = {2013-09-21 21:37:34 +0000},
	Title = {{DevoFlow: Scaling Flow Management for High-Performance Networks}},
	Year = {2011}}

@inproceedings{past,
	Author = {Brent Stephens and Alan Cox and Wes Felter and Colin Dixon and John Carter},
	Booktitle = {CoNEXT},
	Date-Added = {2013-09-18 19:21:13 +0000},
	Date-Modified = {2013-09-21 21:33:00 +0000},
	Title = {{PAST: Scalable Ethernet for Data Centers}},
	Year = {2012}}

@inproceedings{veriflow,
	Author = {Ahmed Khurshid and Xuan Zou and Wenxuan Zhou and Matthew Caesar and P. Brighten Godfrey},
	Booktitle = {NSDI},
	Date-Added = {2013-09-18 19:19:13 +0000},
	Date-Modified = {2013-09-18 19:19:34 +0000},
	Title = {VeriFlow: Verifying Network-Wide Invariants in Real Time},
	Year = {2013}}

@inproceedings{tms,
	Author = {George Porter Richard Strong and Nathan Farrington and Alex Forencich and Pang Chen-Sun and Tajana Rosing and Yeshaiahu Fainman and George Papen and Amin Vahdat},
	Booktitle = {SIGCOMM},
	Date-Added = {2013-09-18 19:16:07 +0000},
	Date-Modified = {2013-09-18 19:18:26 +0000},
	Title = {{Integrating Microsecond Circuit Switching into the Data Center}},
	Year = {2013}}

@article{click,
	Author = {Eddie Kohler and Robert Morris and Benjie Chen and John Jannotti and M. Frans Kaashoek},
	Date-Added = {2013-09-18 18:48:20 +0000},
	Date-Modified = {2013-09-18 18:49:38 +0000},
	Journal = {ToCS},
	Month = {August},
	Number = {3},
	Pages = {263--297},
	Title = {{The Click Modular Router}},
	Volume = {18},
	Year = {2000}}

@book{Abts11,
	Author = {Dennis Abts and John Kim},
	Publisher = {Morgan and Claypool},
	Title = {High Performance Datacenter Networks: Architectures, Algorithms, and Opportunities},
	Year = {2011}}

@misc{sflow-sampling,
	Author = {Peter Phaal and Sonia Panchen},
	Howpublished = {\url{http://www.sflow.org/packetSamplingBasics/index.htm}},
	Title = {{Packet Sampling Basics}}}

@misc{ovs,
	Howpublished = {\url{http://www.http://openvswitch.org}},
	Title = {Open vSwitch}}

@misc{vsphere,
	Howpublished = {\url{http://www.vmware.com/products/datacenter-virtualization/vsphere/overview.html}},
	Title = {VMWare vSphere}}

@inproceedings{Gashinsky12,
	Author = {Igor Gashinsky},
	Booktitle = {Open Networking Summit},
	Title = {{SDN} in Warehouse Scale Datacenter v2.0},
	Year = {2012}}

@article{hyperx,
	Author = {Jung Ho Ahn and Nathan Binkert and Al Davis and Moray McLaren and Robert S. Schreiber},
	Date-Modified = {2013-09-18 19:26:11 +0000},
	Journal = {SC Conference},
	Title = {HyperX: topology, routing, and packaging of efficient large-scale networks},
	Year = {2009}}

@inproceedings{fattree,
	Author = {Mohammad Al-Fares and Alexander Loukissas and Amin Vahdat},
	Booktitle = {SIGCOMM},
	Date-Modified = {2013-09-18 19:29:05 +0000},
	Title = {{A Scalable, Commodity Data Center Network Architecture}},
	Year = {2008}}

@inproceedings{hedera,
	Author = {Mohammad Al-fares and Sivasankar Radhakrishnan and Barath Raghavan and Nelson Huang and Amin Vahdat},
	Booktitle = {NSDI},
	Date-Modified = {2013-09-18 19:25:58 +0000},
	Title = {{Hedera: Dynamic Flow Scheduling for Data Center Networks}},
	Year = {2010}}

@inproceedings{mahout,
	Author = {A.R. Curtis and Wonho Kim and P. Yalagandula},
	Booktitle = {INFOCOM},
	Date-Modified = {2013-09-18 19:27:34 +0000},
	Title = {{Mahout: Low-Overhead Datacenter Traffic Management using End-Host-Based Elephant Detection}},
	Year = {2011}}

@inproceedings{frenetic,
	Author = {Nate Foster and Rob Harrison and Michael J. Freedman and Christopher Monsanto and Jennifer Rexford and Alec Story and David Walker},
	Booktitle = {ICFP},
	Date-Modified = {2013-09-18 19:37:37 +0000},
	Title = {{Frenetic: A Network Programming Language}},
	Year = {2011}}

@inproceedings{flyways,
	Author = {Daniel Halperin and Srikanth Kandula and Jitendra Padhye and Paramvir Bahl and David Wetherall},
	Booktitle = {SIGCOMM},
	Title = {{Augmenting Data Center Networks with Multi-Gigabit Wireless Links}},
	Year = {2011}}

@inproceedings{opensketch,
	Author = {Minlan Yu and Lavanya Jose and Rui Miao},
	Booktitle = {NSDI},
	Date-Modified = {2013-09-18 19:32:05 +0000},
	Title = {{Software Defined Traffic Measurement with OpenSketch}},
	Year = {2013}}

@misc{openflow,
	Howpublished = {\url{https://www.opennetworking.org/standards/openflow-switch}},
	Key = {openflow},
	Title = {OpenFlow-switch}}

@inproceedings{dctcp,
	Author = {Mohammad Alizadeh and Albert Greenberg and David A. Maltz and Jitendra Padhye and Parveen Patel and Balaji Prabhakar and Sudipta Sengupta and Murari Sridharan},
	Booktitle = {SIGCOMM},
	Date-Modified = {2013-09-18 19:39:10 +0000},
	Title = {{Data Center TCP (DCTCP)}},
	Year = {2010}}

@misc{beacon,
	Date-Modified = {2013-09-18 19:40:38 +0000},
	Howpublished = {\url{http://www.beaconcontroller.net}},
	Key = {{Beacon}},
	Title = {{Beacon: a Java-based OpenFlow Control Platform}}}

@misc{trident,
	Date-Modified = {2013-09-18 19:40:32 +0000},
	Howpublished = {\url{http://www.broadcom.com/products/features/BCM56846.php}},
	Key = {{Broadcom BCM56846 StrataXGS 10/40 GbE Switch}},
	Title = {{Broadcom BCM56846 StrataXGS 10/40 GbE Switch}}}

@misc{maestro,
	Author = {Zheng Cai and Alan L. Cox and T. S. Eugene Ng},
	Date-Modified = {2013-09-18 19:27:26 +0000},
	Title = {Maestro: A System for Scalable {OpenFlow} Control},
	Year = {2011}}

@article{Chaum1981,
	Author = {David L. Chaum},
	Journal = {Communications of the {ACM}},
	Number = {2},
	Pages = {84--90},
	Publisher = {ACM Press},
	Title = {{Untraceable electronic mail, return addresses, and digital pseudonyms}},
	Volume = {24},
	Year = {1981}}

@inproceedings{million-node-ethernet,
	Author = {Andy Myers and T.S. Eugene Ng and Hui Zhang},
	Booktitle = {HotNets},
	Date-Modified = {2013-09-18 19:35:30 +0000},
	Title = {Rethinking the Service Model: Scaling Ethernet to a Million Nodes},
	Year = {2004}}

@inproceedings{trill-infocomm,
	Author = {Radia Perlman},
	Booktitle = {INFOCOMM},
	Date-Modified = {2013-09-18 19:36:03 +0000},
	Title = {Rbridges: Transparent Routing},
	Year = {2004}}

@inproceedings{viking,
	Author = {Srikant Sharma and Kartik Gopalan and Susanta Nanda and Tzi-cker Chiueh},
	Booktitle = {INFOCOMM},
	Date-Modified = {2013-09-18 19:34:27 +0000},
	Title = {Viking: A multi-spanning-tree Ethernet architecture for metropolitan area and cluster networks},
	Year = {2004}}

@inproceedings{legup,
	Author = {Andrew R. Curtis and S. Keshav and Alejandro Lopez-Ortiz},
	Booktitle = {CoNEXT},
	Date-Modified = {2013-09-18 19:27:20 +0000},
	Title = {{LEGUP}: using heterogeneity to reduce the cost of data center network upgrades},
	Year = {2010}}

@misc{trident2,
	Date = {Aug. 27, 2012},
	Date-Modified = {2013-09-22 22:50:37 +0000},
	Howpublished = {\url{http://www.broadcom.com/press/release.php?id=s702418}},
	Key = {Broadcom},
	Title = {{Broadcom Extends Leadership with New {StrataXGS Trident II} Switch Series Optimized for Cloud-Scale Data Center Networks}},
	Year = {2012}}

@inproceedings{rewire,
	Author = {Andrew R. Curtis and Tommy Carpenter and Mustafa Elsheikh and Alejandro L\'{o}pez-Ortiz and S. Keshav},
	Booktitle = {INFOCOM},
	Date-Modified = {2013-09-18 19:35:12 +0000},
	Title = {{REWIRE}: An Optimization-based Framework for Data Center Network Design},
	Year = {2012}}

@book{Dally03,
	Address = {San Francisco, CA, USA},
	Author = {William Dally and Brian Towles},
	Isbn = {0122007514},
	Publisher = {Morgan Kaufmann Publishers Inc.},
	Title = {Principles and Practices of Interconnection Networks},
	Year = {2003}}

@misc{dcb,
	Date-Modified = {2013-09-18 19:26:48 +0000},
	Howpublished = {\url{http://www.ieee802.org/1/pages/dcbridges.html}},
	Key = {{IEEE Data Center Bridging Task Group}},
	Title = {{IEEE Data Center Bridging Task Group}}}

@article{Diffie1976,
	Author = {Whitfield Diffie and Martin E. Hellman},
	Journal = {IEEE Transactions on Information Theory},
	Month = nov,
	Number = {6},
	Pages = {644--654},
	Title = {{New Directions in Cryptography}},
	Volume = {IT-22},
	Year = {1976}}

@inproceedings{dragonfly,
	Author = {John Kim and William J. Dally and Steve Scott and Dennis Abts},
	Booktitle = {ISCA},
	Date-Modified = {2013-09-18 19:33:54 +0000},
	Title = {Technology-Driven, Highly-Scalable Dragonfly Topology},
	Year = {2008}}

@misc{eee,
	Date-Modified = {2013-09-18 19:26:42 +0000},
	Howpublished = {\url{http://www.ieee802.org/3/az/public/index.html}},
	Key = {{IEEE P802.3az Energy Efficient Ethernet Task Force}},
	Title = {{IEEE P802.3az Energy Efficient Ethernet Task Force}}}

@inproceedings{Farrington09,
	Author = {Nathan Farrington and Erik Rubow and Amin Vahdat},
	Booktitle = {Hot Interconnects},
	Title = {Data Center Switch Architecture in the Age of Merchant Silicon},
	Year = {2009}}

@misc{floodlight,
	Howpublished = {\url{http://floodlight.openflowhub.org/}},
	Key = {Floodlight},
	Title = {{Floodlight OpenFlow Controller}}}

@inproceedings{flyingcable,
	Author = {Mudigonda, Jayaram and Yalagandula, Praveen and Mogul, Jeffrey C.},
	Booktitle = {USENIX ATC},
	Date-Modified = {2013-09-18 19:33:47 +0000},
	Title = {Taming the flying cable monster: a topology design and optimization framework for data-center networks},
	Year = {2011}}

@article{GOE,
	Author = {A. Iwata and Y. Hidaka and M. Umayabashi and N. Enomoto and A. Arutaki},
	Journal = {Selected Areas in Communications, IEEE Journal on},
	Title = {{Global Open Ethernet (GOE)} system and its performance evaluation},
	Year = {2004}}

@inproceedings{Greenberg08,
	Author = {Albert Greenberg and Parantap Lahiri and David A. Maltz and Parveen Patel and Sudipta Sengupta},
	Booktitle = {PRESTO},
	Title = {Towards a Next Generation Data Center Architecture: Scalability and Commoditization},
	Year = {2008}}

@inproceedings{smartbridge,
	Author = {Thomas L. Rodeheffer and Chandramohan A. Thekkath and Darrell C. Anderson},
	Booktitle = {SIGCOMM},
	Date-Modified = {2013-09-18 19:34:49 +0000},
	Title = {{SmartBridge}: a scalable bridge architecture},
	Year = {2000}}

@misc{Linden06,
	Author = {{Greg Linden}},
	Howpublished = {\url{http://www.scribd.com/doc/4970486/Make-Data-Useful-by-Greg-Linden-Amazoncom}},
	Title = {Make Data Useful},
	Year = {2006}}

@article{star,
	Author = {King-Shan Lui and Whay Chiou Lee and Klara Nahrstedt},
	Date-Modified = {2013-09-18 19:33:28 +0000},
	Journal = {CCR},
	Title = {{STAR}: A Transparent Spanning Tree Bridge Protocol with Alternate Routing},
	Year = {2002}}

@inproceedings{vl2,
	Author = {Greenberg, Albert and Hamilton, James R. and Jain, Navendu and Kandula, Srikanth and Kim, Changhoon and Lahiri, Parantap and Maltz, David A. and Patel, Parveen and Sengupta, Sudipta},
	Booktitle = {SIGCOMM},
	Date-Modified = {2013-09-18 19:34:00 +0000},
	Title = {{{VL2}: A Scalable and Flexible Data Center Network}},
	Year = {2009}}

@inproceedings{secondnet,
	Author = {Chuanxiong Guo and Guohan Lu and Helen J. Wang and Shuang Yang and Chao Kong and Peng Sun and Wenfei Wu and Yongguang Zhang},
	Booktitle = {CoNEXT},
	Date-Modified = {2013-09-18 19:35:04 +0000},
	Title = {{SecondNet}: A Data Center Network Virtualization Architecture with Bandwidth Guarantees},
	Year = {2010}}

@inproceedings{elastictree,
	Author = {B. Heller and S. Seetharaman and P. Mahadevan and Y. Yiakoumis and P. Sharma and S. Banerjee and N. McKeown},
	Booktitle = {NSDI},
	Date-Modified = {2013-09-26 16:07:20 +0000},
	Title = {{ElasticTree}: {Saving} energy in data center networks},
	Year = {2010}}

@misc{g8264,
	Date-Modified = {2013-09-18 19:26:22 +0000},
	Howpublished = {\url{http://www.redbooks.ibm.com/abstracts/tips0815.html}},
	Key = {{IBM BNT RackSwitch G8264}},
	Title = {{IBM BNT RackSwitch G8264}}}

@inproceedings{viro,
	Author = {Sourabh Jain and Yingying Chen and Zhi-Li Zhang and Saurabh Jain},
	Booktitle = {INFOCOMM},
	Date-Modified = {2013-09-18 19:34:22 +0000},
	Title = {VIRO: A Scalable, Robust and Namespace Independent Virtual Id ROuting for Future Networks},
	Year = {2011}}

@inproceedings{flattened-butterfly,
	Author = {John Kim and William J. Dally},
	Booktitle = {ISCA},
	Date-Modified = {2013-09-18 19:38:53 +0000},
	Title = {Flattened butterfly: A cost-efficient topology for high-radix networks},
	Year = {2007}}

@inproceedings{Kandula09,
	Author = {S. Kandula and S. Sengupta and A. Greenberg and P. Patel},
	Booktitle = {IMC},
	Title = {{The Nature of Datacenter Traffic: Measurements and Analysis}},
	Year = {2009}}

@inproceedings{Katabi02,
	Author = {Dina Katabi and Mark Handley and Charlie Rohrs},
	Booktitle = {SIGCOMM},
	Title = {Congestion control for high bandwidth-delay product networks},
	Year = {2002}}

@inproceedings{seattle,
	Author = {Changhoon Kim and Matthew Caesar and Jennifer Rexford},
	Booktitle = {SIGCOMM},
	Date-Modified = {2013-09-18 19:38:39 +0000},
	Title = {Floodless in {SEATTLE}: A Scalable {Ethernet} Architecture for Large Enterprises},
	Year = {2008}}

@article{Kind05,
	Author = {Andreas Kind and Paul Hurley and Jeroen Massar},
	Journal = {{ERCIM News}},
	Month = {January},
	Pages = {67--68},
	Publisher = {{European Research Consortium for Informatics and Mathematics}},
	Title = {A Light-Weight and Scalable Network Profiling System},
	Year = {2005}}

@inproceedings{Kodialam06,
	Author = {Murali S. Kodialam and T. V. Lakshman and Sudipta Sengupta},
	Booktitle = {INFOCOM},
	Title = {Maximum Throughput Routing of Traffic in the Hose Model},
	Year = {2006}}

@misc{mlag,
	Howpublished = {\url{http://en.wikipedia.org/wiki/MC_LAG}},
	Key = {MC-LAG},
	Title = {{MC-LAG}}}

@inproceedings{Lu08,
	Author = {Guor-Huar Lu and Sourabh Jain and Shanzhen Chen and Zhi-Li Zhang},
	Booktitle = {MobiArch},
	Title = {Virtual id routing: A Scalable Routing Framework with Support for Mobility and Routing Efficiency},
	Year = {2008}}

@inproceedings{serverswitch,
	Author = {Guohan Lu and Chuanxiong Guo and Yulong Li and Zhiqiang Zhou and Tong Yuan and Haitao Wu and Yongqiang Xiong and Rui Gao and Yongguang Zhang},
	Booktitle = {NSDI},
	Date-Modified = {2013-09-18 19:34:59 +0000},
	Title = {{ServerSwitch}: A Programmable and High Performance Platform for Data Center Networks},
	Year = {2011}}

@article{McKeown08,
	Author = {Nick McKeown and Tom Anderson and Hari Balakrishnan and Guru Parulkar and Larry Peterson and Jennifer Rexford and Scott Shenker and Jonathan Turner},
	Journal = {CCR},
	Number = {2},
	Pages = {69--74},
	Title = {{OpenFlow}: Enabling Innovation in Campus Networks},
	Volume = {38},
	Year = {2008}}

@inproceedings{mptcp,
	Author = {Damon Wischik and Costin Raiciu and Adam Greenhalgh and Mark Handley},
	Booktitle = {NSDI},
	Date-Modified = {2013-09-18 19:39:04 +0000},
	Title = {{Design, Implementation and Evaluation of Congestion Control for Multipath {TCP}}},
	Year = {2011}}

@inproceedings{dc-mptcp,
	Author = {Raiciu, Costin and Barre, Sebastien and Pluntke, Christopher and Greenhalgh, Adam and Wischik, Damon and Handley, Mark},
	Booktitle = {SIGCOMM},
	Date-Modified = {2013-09-18 19:26:37 +0000},
	Title = {{Improving Datacenter Performance and Robustness with Multipath TCP}},
	Year = {2011}}

@inproceedings{spain,
	Author = {Jayaram Mudigonda and Praveen Yalagandula and Mohammad Al-Fares and Jeffrey C. Mogul},
	Booktitle = {NSDI},
	Date-Modified = {2013-09-18 19:33:22 +0000},
	Title = {{SPAIN}: {COTS} Data-Center {Ethernet} for Multipathing over Arbitrary Topologies},
	Year = {2010}}

@inproceedings{netlord,
	Author = {Jayaram Mudigonda and Praveen Yalagandula and Jeffrey C. Mogul and Bryan Stiekes and Yanick Pouffary},
	Booktitle = {SIGCOMM},
	Date-Modified = {2013-09-18 19:27:56 +0000},
	Title = {{NetLord}: a scalable multi-tenant network architecture for virtualized datacenters},
	Year = {2011}}

@inproceedings{portland,
	Author = {Radhika Niranjan Mysore and Andreas Pamboris and Nathan Farrington and Nelson Huang and Pardis Miri and Sivasankar Radhakrishnan and Vikram Subramanya and Amin Vahdat},
	Booktitle = {SIGCOMM},
	Date-Modified = {2013-09-18 19:36:10 +0000},
	Title = {{PortLand: A Scalable Fault-tolerant Layer 2 Data Center Network Fabric}},
	Year = {2009}}

@misc{oflops,
	Date-Modified = {2013-09-18 19:36:53 +0000},
	Howpublished = {\url{http://www.openflow.org/wk/index.php/Oflops}},
	Key = {{OFlops}},
	Title = {{OFlops}}}

@article{egft,
	Address = {Los Alamitos, CA, USA},
	Author = {S.R. Ohring and M. Ibel and S.K. Das and M.J. Kumar},
	Doi = {http://doi.ieeecomputersociety.org/10.1109/IPPS.1995.395911},
	Issn = {1063-7133},
	Journal = {Parallel Processing Symposium, International},
	Pages = {37},
	Publisher = {IEEE Computer Society},
	Title = {On generalized fat trees},
	Volume = {0},
	Year = {1995},
	Bdsk-Url-1 = {http://doi.ieeecomputersociety.org/10.1109/IPPS.1995.395911}}

@misc{onf,
	Date-Modified = {2013-09-18 19:36:40 +0000},
	Howpublished = {\url{https://www.opennetworking.org/}},
	Key = {{Open Networking Foundation}},
	Title = {{Open Networking Foundation}}}

@inproceedings{Sampath10,
	Author = {Dhananjay Sampath and Suchit Agarwal and J.J. Gacia-Luna-Aceves},
	Booktitle = {ICDCS},
	Title = {`Ethernet on AIR' : Scalable Routing in Very Large Ethernet-based Networks},
	Year = {2010}}

@inproceedings{Schlansker10,
	Author = {Michael Schlansker and Jean Tourrilhes and Yoshio Turner and Jose Renato Santos},
	Booktitle = {ICC},
	Title = {Killer Fabrics for Scalable Datacenters},
	Year = {2010}}

@inproceedings{moose,
	Author = {Malcolm Scott, Andrew Moore and Jon Crowcroft},
	Booktitle = {DC-CAVES},
	Date-Modified = {2013-09-18 19:40:50 +0000},
	Title = {Addressing the Scalability of {Ethernet} with {MOOSE}},
	Year = {2009}}

@misc{sFlow,
	Howpublished = {\url{http://sflow.org/about/index.php}},
	Key = {{sFlow}},
	Title = {{sFlow}}}

@inproceedings{flowvisor,
	Author = {Rob Sherwood and Glen Gibb and {Kok-kiong} Yap and Martin Casado and Nick Mckeown and Guru Parulkar},
	Booktitle = {OSDI},
	Date-Modified = {2013-09-21 21:33:36 +0000},
	Title = {Can the production network be the testbed},
	Year = {2010}}

@inproceedings{jellyfish,
	Author = {Ankit Singla and Chi-Yao Hong and Lucian Popa and P. Brighten Godfrey},
	Booktitle = {NSDI},
	Date-Modified = {2013-09-18 19:26:56 +0000},
	Title = {{Jellyfish: Networking Data Centers Randomly}},
	Year = {2012}}

@inproceedings{Tavakoli09,
	Author = {A. Tavakoli and M. Casado and T. Koponen and S. Shenker},
	Booktitle = {HotNets},
	Title = {Applying {NOX} to the datacenter},
	Year = {2009}}

@misc{trill,
	Author = {{J. Touch and R. Perlman}},
	Date-Modified = {2013-09-18 19:34:32 +0000},
	Howpublished = {{RFC 5556}},
	Month = {May},
	Title = {{Transparent Interconnection of Lots of Links (TRILL): Problem and Applicability Statement}},
	Year = {2009}}

@misc{nvo3,
        Author = {{H. Chen and W. Song}},
        Howpublished = {{Internet-Draft}. \url{https://tools.ietf.org/html/draft-chen-nvo3-load-banlancing-00}},
        Month = {October},
        Title = {{Load Balancing without Packet Reordering in NVO3}},
        Year = {2014}}

@misc{netflow,
	Author = {{B. Claise, Ed.}},
	Howpublished = {{RFC 3954}. \url{http://www.ietf.org/rfc/rfc3954.txt}},
	Month = {October},
	Title = {{Cisco Systems NetFlow Services Export Version 9}},
	Year = {2004}}

@misc{sampled-netflow,
	Howpublished = {\url{http://www.cisco.com/en/US/docs/ios/12_0s/feature/guide/12s_sanf.html}},
	Title = {{Sampled NetFlow [Cisco IOS Software Releases 12.0 S]}}}

@misc{spb,
	Author = {D. Fedyk and P. Ashwood-Smith and D. Allan and A. Bragg and P. Unbehagen},
	Date-Modified = {2013-09-18 19:27:04 +0000},
	Howpublished = {{RFC 6329}},
	Month = {Apr},
	Title = {{IS-IS Extensions Supporting IEEE 802.1aq Shortest Path Bridging}},
	Year = {2012}}

@inproceedings{Greenberg092,
	Author = {Albert Greenberg and James Hamilton and David A. Maltz and Parveen Patel},
	Booktitle = {CCR},
	Title = {The Cost of a Cloud: Research Problems in Data Center Networks},
	Year = {2009}}

@inproceedings{Gashinsky11,
	Author = {Igor Gashinsky},
	Booktitle = {Open Networking Summit},
	Title = {Warehouse Scale Datacenters: The case for a new approach to networking},
	Year = {2011}}

@book{MSTP,
	Author = {IEEE},
	Title = {Std 802.1s Multiple Spanning Trees},
	Year = {2002}}

@inproceedings{mininet,
	Author = {Handigol, Nikhil and Heller, Brandon and Jeyakumar, Vimalkumar and Lantz, Bob and McKeown, Nick},
	Booktitle = {CoNEXT},
	Date-Modified = {2013-09-18 19:35:47 +0000},
	Title = {Reproducible network experiments using container-based emulation},
	Year = {2012}}

@inproceedings{Miura2008,
	Author = {Miura, S. and Boku, T. and Okamoto, T. and Hanawa, T.},
	Booktitle = {IPDPS},
	Title = {A dynamic routing control system for high-performance {PC} cluster with multi-path {Ethernet} connection},
	Year = {2008}}

@inproceedings{microte,
	Author = {Benson, Theophilus and Anand, Ashok and Akella, Aditya and Zhang, Ming},
	Booktitle = {CoNEXT},
	Title = {{MicroTE: Fine Grained Traffic Engineering for Data Centers}},
	Year = {2011}}

@inproceedings{Benson10,
	Author = {Benson, Theophilus and Akella, Aditya and Maltz, David A.},
	Booktitle = {IMC},
	Title = {{Network Traffic Characteristics of Data Centers in the Wild}},
	Year = {2010}}

@misc{sFlowRT,
	Howpublished = {\url{http://inmon.com/products/sFlow-RT.php}},
	Key = {{sFlow-RT}},
	Title = {{sFlow-RT}}}

@misc{clusterloadgen,
	Author = {{Sivasankar Radhakrishnan}},
	Howpublished = {\url{https://bitbucket.org/nikhilh/mininet_tests/src/9f051450a32a8411f03b7f6bbb99cb436c5a4a73/hedera/hedera}},
	Title = {{cluster\_loadgen}}}

@inproceedings{netflowvssflow,
	Author = {Mann, V. and Vishnoi, A. and Bidkar, S.},
	Booktitle = {COMSNETS},
	Title = {Living on the edge: Monitoring network flows at the edge in cloud data centers},
	Year = {2013}}

@misc{fm6000,
	Author = {Recep Ozdag},
	Howpublished = {\url{http://www.intel.com/content/dam/www/public/us/en/documents/white-papers/ethernet-switch-fm6000-sdn-paper.pdf}},
	Title = {{Intel Ethernet Switch FM6000 Series - Software Defined Networking}}}

@inproceedings{netmap,
	Author = {Rizzo, Luigi},
	Booktitle = {USENIX ATC},
	Date-Modified = {2013-09-21 21:35:05 +0000},
	Title = {{Netmap: A Novel Framework for Fast Packet I/O}},
	Year = {2012},
	Bdsk-Url-1 = {http://dl.acm.org/citation.cfm?id=2342821.2342830}}

@inproceedings{netfpga,
	Author = {Lockwood, John W. and McKeown, Nick and Watson, Greg and Gibb, Glen and Hartke, Paul and Naous, Jad and Raghuraman, Ramanan and Luo, Jianying},
	Booktitle = {Microelectronic Systems Education},
	Date-Modified = {2013-09-21 21:36:49 +0000},
	Title = {{NetFPGA}--An Open Platform for Gigabit-Rate Network Switching and Routing},
	Year = {2007},
	Bdsk-Url-1 = {http://dx.doi.org/10.1109/MSE.2007.69}}

@inproceedings{helios,
	Author = {Farrington, Nathan and Porter, George and Radhakrishnan, Sivasankar and Bazzaz, Hamid Hajabdolali and Subramanya, Vikram and Fainman, Yeshaiahu and Papen, George and Vahdat, Amin},
	Booktitle = {SIGCOMM},
	Title = {{Helios: A Hybrid Electrical/Optical Switch Architecture for Modular Data Centers}},
	Year = {2010}}

@misc{pcap-format,
	Key = {{pcap-format}},
	Note = {\url{http://wiki.wireshark.org/Development/LibpcapFileFormat}},
	Title = {{Libpcap File Format}}}

@misc{wireshark,
	Key = {{wireshark}},
	Note = {\url{http://www.wireshark.org/}},
	Title = {{Wireshark}}}

@misc{opendaylight,
	Key = {{opendaylight}},
	Note = {\url{http://www.opendaylight.org/}},
	Title = {{OpenDaylight}}}

@inproceedings{localflow,
	Author = {Sen, Siddhartha and Shue, David and Ihm, Sunghwan and Freedman, Michael J.},
	Booktitle = {CoNEXT},
    Title = {{Scalable, Optimal Flow Routing in Datacenters via Local Link Balancing}},
	Year = {2013}}

@inproceedings{sidecar,
  title={{SideCar: Building Programmable Datacenter Networks without Programmable Switches}},
  author={Shieh, Alan and Kandula, Srikanth and Sirer, Emin Gun},
  booktitle={HotNets},
  year={2010},
}

@inproceedings{better-netflow,
  title={{Building a Better NetFlow}},
  author={Estan, Cristian and Keys, Ken and Moore, David and Varghese, George},
  booktitle={SIGCOMM},
  year={2004},
}

@inproceedings{newdirections,
 author = {Estan, Cristian and Varghese, George},
 title = {{New Directions in Traffic Measurement and Accounting}},
 booktitle = {SIGCOMM},
 year = {2002},
} 

@inproceedings{catch-the-whole-lot,
  title={{Catch the Whole Lot in an Action: Rapid Precise Packet Loss Notification in Data Centers}},
  author={Cheng, Peng and Ren, Fengyuan and Shu, Ran and Lin, Chuang},
  booktitle={NSDI},
  year={2014},
}

@article{learn-more-sample-less,
  title={{Learn More, Sample Less: Control of Volume and Variance in Network Measurement}},
  author={Duffield, Nick and Lund, Carsten and Thorup, Mikkel},
  journal={{IEEE Transactions on Information Theory}},
  volume={51},
  number={5},
  pages={1756--1775},
  year={2005},
  publisher={IEEE}
}

%%%%%%end of presto ref
%% This BibTeX bibliography file was created using BibDesk.
%% http://bibdesk.sourceforge.net/
@inproceedings{vcc,
  title={{Virtualized Congestion Control}},
  author={Bryce Cronkite-Ratcliff and Aran Bergman and Shay Vargaftik and Madhusudhan Ravi and Nick McKeown and Ittai Abraham and Isaac Keslassy},
  booktitle={SIGCOMM},
  year={2016},
}



@techreport{RFC6824,
  author = {A. Ford and C. Raiciu and M. Handley and O. Bonaventure},
  title = {TCP Extensions for Multipath Operation with Multiple Addresses},
  howpublished = {Internet Requests for Comments},
  type = {RFC},
  number = {6824},
  year = {2013},
  month = {January},
  issn = {2070-1721},
  publisher = {RFC Editor},
  institution = {RFC Editor},
  url = {http://www.rfc-editor.org/rfc/rfc6824.txt},
  note = {\url{http://www.rfc-editor.org/rfc/rfc6824.txt}},
}


@INPROCEEDINGS{Spring00, 
author={N. T. Spring and M. Chesire and M. Berryman and V. Sahasranaman and T. Anderson and B. Bershad}, 
booktitle={INFOCOM}, 
title={{Receiver Based Management of Low Bandwidth Access Links}}, 
year={2000}, 
}

@ARTICLE{Kalampoukas02, 
author={L. Kalampoukas and A. Varma and K. K. Ramakrishnan}, 
journal={IEEE/ACM Transactions on Networking}, 
title={{Explicit Window Adaptation: A Method to Enhance TCP Performance}}, 
year={2002}, 
}



@inproceedings {180302,
author = {Masoud Moshref and Minlan Yu and Abhishek Sharma and Ramesh Govindan},
title = {{Scalable Rule Management for Data Centers}},
booktitle = {NSDI},
year = {2013},
}

@techreport{RFC6928,
  author = {J. Chu and N. Dukkipati and Y. Cheng and M. Mathis},
  title = {{Increasing TCP's Initial Window}},
  howpublished = {Internet Requests for Comments},
  type = {RFC},
  number = {6928},
  year = {2013},
  issn = {2070-1721},
  url = {http://www.rfc-editor.org/rfc/rfc6928.txt},
  note = {\url{http://www.rfc-editor.org/rfc/rfc6928.txt}},
}

@inproceedings{flach2013reducing, 
   title={{Reducing Web Latency: The Virtue of Gentle Aggression}}, 
   author={Flach, Tobias and Dukkipati, Nandita and Terzis, Andreas and Raghavan, Barath and Cardwell, Neal and Cheng, Yuchung and Jain, Ankur and Hao, Shuai and Katz-Bassett, Ethan and Govindan, Ramesh}, 
   booktitle={SIGCOMM}, 
   year={2013}, 
}



@techreport{ietf-tcpm-dctcp,
  author = {Stephen Bensley and Lars Eggert and Dave Thaler and Praveen Balasubramanian and Glenn Judd},
  title = {{Datacenter TCP (DCTCP): TCP Congestion Control for Datacenters}},
  howpublished = {Working Draft},
  type = {Internet-Draft},
  number = {draft-ietf-tcpm-dctcp-01},
  year = {2015},
  url = {http://www.ietf.org/internet-drafts/draft-ietf-tcpm-dctcp-01.txt},
  note = {\url{http://www.ietf.org/internet-drafts/draft-ietf-tcpm-dctcp-01.txt}},
}

@inproceedings{Pfaff2015ovs,
 author = {Pfaff, Ben and Pettit, Justin and Koponen, Teemu and Jackson, Ethan J. and Zhou, Andy and Rajahalme, Jarno and Gross, Jesse and Wang, Alex and Stringer, Jonathan and Shelar, Pravin and Amidon, Keith and Casado, Mart\'{\i}n},
 title = {{The Design and Implementation of Open vSwitch}},
 booktitle = {NSDI},
 year = {2015},
} 

@techreport{RFC5681,
  author = {M. Allman and V. Paxson and E. Blanton},
  title = {{TCP Congestion Control}},
  howpublished = {Internet Requests for Comments},
  type = {RFC},
  number = {5681},
  year = {2009},
  url = {http://www.rfc-editor.org/rfc/rfc5681.txt},
  note = {\url{http://www.rfc-editor.org/rfc/rfc5681.txt}},
}

@article{Venkataramani2002tcpnice,
 author = {Venkataramani, Arun and Kokku, Ravi and Dahlin, Mike},
 title = {{TCP Nice: A Mechanism for Background Transfers}},
 journal = {SIGOPS Oper. Syst. Rev.},
 year = {2002},
} 


@inproceedings {qjump,
author = {Matthew P. Grosvenor and Malte Schwarzkopf and Ionel Gog and Robert N. M. Watson and Andrew W. Moore and Steven Hand and Jon Crowcroft},
title = {{Queues Don{\textquoteright}t Matter When You Can JUMP Them!}},
booktitle = {NSDI},
year = {2015},
}

%% Created for Colin Dixon at 2014-01-31 08:43:52 -0600 
@article{Lam2012NetShare,
 author = {Lam, Vinh The and Radhakrishnan, Sivasankar and Pan, Rong and Vahdat, Amin and Varghese, George},
 title = {{Netshare and Stochastic Netshare: Predictable Bandwidth Allocation for Data Centers}},
 journal = {ACM SIGCOMM Computer Communication Review},
 year = {2012},
} 


@inproceedings{Xie2012Proteus,
 author = {Xie, Di and Ding, Ning and Hu, Y. Charlie and Kompella, Ramana},
 title = {{The Only Constant is Change: Incorporating Time-varying Network Reservations in Data Centers}},
 booktitle = {SIGCOMM},
 year = {2012},
} 

@inproceedings{Guo2010Secondnet,
 author = {Guo, Chuanxiong and Lu, Guohan and Wang, Helen J. and Yang, Shuang and Kong, Chao and Sun, Peng and Wu, Wenfei and Zhang, Yongguang},
 title = {{SecondNet: A Data Center Network Virtualization Architecture with Bandwidth Guarantees}},
 booktitle = {CoNEXT},
 year = {2010},
} 

@inproceedings{Popa2012Faircloud,
 author = {Popa, Lucian and Kumar, Gautam and Chowdhury, Mosharaf and Krishnamurthy, Arvind and Ratnasamy, Sylvia and Stoica, Ion},
 title = {{FairCloud: Sharing the Network in Cloud Computing}},
 booktitle = {SIGCOMM},
 year = {2012},
} 


@misc{linux-dctcp,
        Howpublished = {\url{https://lwn.net/Articles/598432/}},
        Key = {{net:tcp: DCTCP congestion control algorithm}},
        Title = {{net:tcp: DCTCP congestion control algorithm}}
}

@misc{kernel-skb,
        Howpublished = {\url{http://vger.kernel.org/~davem/skb.html}},
        Key = {{SKB in Linux Networking}},
        Title = {{SKB in Linux Networking}}
}

@misc{dell-toe,
        Howpublished = {\url{http://www.dell.com/downloads/global/power/ps3q06-20060132-Broadcom.pdf}},
        Key = {{Boosting Data Transfer with TCP Offload Engine Technology}},
        Title = {{Boosting Data Transfer with TCP Offload Engine Technology}}
}

@misc{chelsio-toe,
        Howpublished = {\url{http://www.chelsio.com/nic/tcp-offload-engine/}},
        Key = {{TCP Offload Engine (TOE)}},
        Title = {{TCP Offload Engine (TOE)}}
}

@misc{linux-toe,
        Howpublished = {\url{http://www.linuxfoundation.org/collaborate/workgroups/networking/toe}},
        Key = {{TOE}},
        Title = {{TOE}}
}

@inproceedings{mogul2003tcp,
  title={{TCP Offload Is a Dumb Idea Whose Time Has Come}},
  author={Mogul, Jeffrey C},
  booktitle={HotOS},
  year={2003}
}


@misc{qcn,
        Howpublished = {\url{http://www.ieee802.org/1/pages/802.1au.html}},
        Key = {{802.1Qau - Congestion Notification}},
        Title = {{802.1Qau - Congestion Notification}}
}

@misc{tcp-probe,
        Howpublished = {\url{http://www.linuxfoundation.org/collaborate/workgroups/networking/tcpprobe}},
        Key = {{TCP Probe}},
        Title = {{TCP Probe}}
}


@misc{cisco-avs,
        Howpublished = {\url{http://www.cisco.com/c/en/us/products/switches/application-virtual-switch/index.html}},
        key = {{Cisco Application Virtual Switch}},
        Title = {{Cisco Application Virtual Switch}},

}

@inproceedings{judd2015nsdi,
 author = {Judd, Glenn},
 title = {{Attaining the Promise and Avoiding the Pitfalls of TCP in the Datacenter}},
 booktitle = {NSDI},
 year = {2015},
} 

@article{guniguntala2008read,
  title={{The Read-Copy-Update Mechanism for Supporting Real-time Applications on Shared-memory Multiprocessor Systems with Linux}},
  author={Guniguntala, Dinakar and McKenney, Paul E and Triplett, Josh and Walpole, Jonathan},
  journal={IBM Systems Journal},
  year={2008},
}

@misc{cavium-nic,
        Howpublished = {\url{http://www.cavium.com/LiquidIO_Server_Adapters.html}},
        Key = {{LiquidIO Server Adapters}},
        Title = {{LiquidIO Server Adapters }}
}

@misc{netronome-nic,
        Howpublished = {\url{https://netronome.com/product/flownics/}},
        Key = {{Netronome FlowNIC}},
        Title = {{Netronome FlowNIC}}
}

@inproceedings{stephens2014practical,
  title={{Practical DCB for Improved Data Center Networks}},
  author={Stephens, Brent and Cox, Alan L and Singla, Anubhav and Carter, Jenny and Dixon, Colin and Felter, Wes},
  booktitle={INFOCOM},
  year={2014},
}


@inproceedings{alizadeh2014conga,
  title={{CONGA: Distributed Congestion-aware Load Balancing for Datacenters}},
  author={Alizadeh, Mohammad and Edsall, Tom and Dharmapurikar, Sarang and Vaidyanathan, Ramanan and Chu, Kevin and Fingerhut, Andy and Matus, Francis and Pan, Rong and Yadav, Navindra and Varghese, George and others},
  booktitle={SIGCOMM},
  year={2014},
}

@inproceedings{katabi2002congestion,
  title={{Congestion Control for High Bandwidth-delay Product Networks}},
  author={Katabi, Dina and Handley, Mark and Rohrs, Charlie},
  booktitle={SIGCOMM},
  year={2002},
}

@phdthesis{dukkipati2007rate,
  title={{Rate Control Protocol (RCP): Congestion Control to Make Flows Complete Quickly}},
  author={Dukkipati, Nandita},
  year={2007},
  school={Stanford University}
}

@inproceedings{winstein2013tcp,
  title={{TCP ex Machina: Computer-generated Congestion Control}},
  author={Winstein, Keith and Balakrishnan, Hari},
  booktitle={SIGCOMM},
  year={2013},
}

@inproceedings{wu2010ictcp,
 author = {Wu, Haitao and Feng, Zhenqian and Guo, Chuanxiong and Zhang, Yongguang},
 title = {{ICTCP: Incast Congestion Control for TCP in Data Center Networks}},
 booktitle = {CoNEXT},
 year = {2010},
} 

@inproceedings{mittal2015timely,
  title={{TIMELY: RTT-based Congestion Control for the Datacenter}},
  author={Mittal, Radhika and Dukkipati, Nandita and Blem, Emily and Wassel, Hassan and Ghobadi, Monia and Vahdat, Amin and Wang, Yaogong and Wetherall, David and Zats, David and others},
  booktitle={SIGCOMM},
  year={2015},
}

@inproceedings{zhu2015congestion,
  title={{Congestion Control for Large-Scale RDMA Deployments}},
  author={Zhu, Yibo and Eran, Haggai and Firestone, Daniel and Guo, Chuanxiong and Lipshteyn, Marina and Liron, Yehonatan and Padhye, Jitendra and Raindel, Shachar and Yahia, Mohamad Haj and Zhang, Ming},
  booktitle={SIGCOMM},
  year={2015},
}

@inproceedings{jang2015silo,
  title={{Silo: Predictable Message Latency in the Cloud}},
  author={Jang, Keon and Sherry, Justine and Ballani, Hitesh and Moncaster, Toby},
  booktitle={SIGCOMM},
  year={2015},
}

@inproceedings{Ballani2011oktopus,
 author = {Ballani, Hitesh and Costa, Paolo and Karagiannis, Thomas and Rowstron, Ant},
 title = {{Towards Predictable Datacenter Networks}},
 booktitle = {SIGCOMM},
 year = {2011},
} 


@inproceedings{lee2015accurate,
  title={{Accurate Latency-based Congestion Feedback for Datacenters}},
  author={Lee, Changhyun and Park, Chunjong and Jang, Keon and Moon, Sue and Han, Dongsu},
  booktitle={USENIX Annual Technical Conference},
  year={2015}
}

@misc{tcp-nv,
        Howpublished = {\url{https://lwn.net/Articles/650325/}},
        Key = {{tcp: add NV congestion control}},
        Title = {{tcp: add NV congestion control}}
}

@article{ayuso2006netfilter,
  title={{Netfilter's Connection Tracking System}},
  author={Ayuso, P},
  journal={LOGIN: The USENIX magazine},
  year={2006}
}

@inproceedings{ovs-conntrack,
  title={{Connection Tracking \& Stateful NAT}},
  author={Graf, Thomas and Pettit, Justin},
  booktitle={Open vSwitch 2014 Fall Conference},
  year={2014}
}

@inproceedings{radhakrishnan2014senic,
  title={{SENIC: Scalable NIC for End-host Rate Limiting}},
  author={Radhakrishnan, Sivasankar and Geng, Yilong and Jeyakumar, Vimalkumar and Kabbani, Abdul and Porter, George and Vahdat, Amin},
  booktitle={NSDI},
  year={2014}
}

@inproceedings{niranjan2013fastrak,
  title={{FasTrak: Enabling Express Lanes in Multi-tenant Data Centers}},
  author={Niranjan Mysore, Radhika and Porter, George and Vahdat, Amin},
  booktitle={CoNEXT},
  year={2013},
}

@inproceedings{shieh2011sharing,
  title={{Sharing the Data Center Network}},
  author={Shieh, Alan and Kandula, Srikanth and Greenberg, Albert G and Kim, Changhoon and Saha, Bikas},
  booktitle={NSDI},
  year={2011}
}

@inproceedings{grosvenor2015queues,
  title={Queues don't matter when you can jump them!},
  author={Grosvenor, Matthew P and Schwarzkopf, Malte and Gog, Ionel and Watson, Robert NM and Moore, Andrew W and Hand, Steven and Crowcroft, Jon},
  booktitle={NSDI},
  pages={1--14},
  year={2015}
}

@inproceedings{jeyakumar2013eyeq,
  title={{EyeQ: Practical Network Performance Isolation at the Edge}},
  author={Jeyakumar, Vimalkumar and Alizadeh, Mohammad and Mazi{\`e}res, David and Prabhakar, Balaji and Kim, Changhoon and Greenberg, Albert},
  booktitle={NSDI},
  year={2013}
}

@inproceedings{dong2015pcc,
  title={{PCC: Re-architecting Congestion Control for Consistent High Performance}},
  author={Dong, Mo and Li, Qingxi and Zarchy, Doron and Godfrey, P Brighten and Schapira, Michael},
  booktitle={NSDI},
  year={2015}
}


@techreport{RFC1072,
  author = {V. Jacobson and R.T. Braden},
  title = {{TCP Extensions for Long-delay Paths}},
  howpublished = {Internet Requests for Comments},
  type = {RFC},
  number = {1072},
  year = {1988},
  issn = {2070-1721},
  url = {http://www.rfc-editor.org/rfc/rfc1072.txt},
  note = {\url{http://www.rfc-editor.org/rfc/rfc1072.txt}},
}



@techreport{RFC1323,
  author = {Van Jacobson and Bob Braden and Dave Borman},
  title = {{TCP Extensions for High Performance}},
  howpublished = {Internet Requests for Comments},
  type = {RFC},
  number = {1323},
  year = {1992},
  issn = {2070-1721},
  url = {http://www.rfc-editor.org/rfc/rfc1323.txt},
  note = {\url{http://www.rfc-editor.org/rfc/rfc1323.txt}},
}

@misc{receive-auto-runing,
        Howpublished = {\url{https://technet.microsoft.com/en-us/magazine/2007.01.cableguy.aspx}},
        Key = {{TCP Receive Window Auto-Tuning}},
        Title = {{TCP Receive Window Auto-Tuning}}
}

@inproceedings{wu2012tuning,
  title={{Tuning ECN for Data Center Networks}},
  author={Wu, Haitao and Ju, Jiabo and Lu, Guohan and Guo, Chuanxiong and Xiong, Yongqiang and Zhang, Yongguang},
  booktitle={CoNEXT},
  year={2012},
}

@misc{intel-dpdk,
        Howpublished = {\url{http://dpdk.org/}},
        Key = {{Data Plane Development Kit (DPDK)}},
        Title = {{Data Plane Development Kit (DPDK)}}
}

@inproceedings{he2015presto,
  title={{Presto: Edge-based Load Balancing for Fast Datacenter Networks}},
  author={He, Keqiang and Rozner, Eric and Agarwal, Kanak and Felter, Wes and Carter, John and Akella, Aditya},
  booktitle={SIGCOMM},
  year={2015},
}

@article{semke1998automatic,
  title={{Automatic TCP Buffer Tuning}},
  author={Semke, Jeffrey and Mahdavi, Jamshid and Mathis, Matthew},
  journal={ACM SIGCOMM Computer Communication Review},
  year={1998},
}

@inproceedings{jose2015high,
  title={{High Speed Networks Need Proactive Congestion Control}},
  author={Jose, Lavanya and Yan, Lisa and Alizadeh, Mohammad and Varghese, George and McKeown, Nick and Katti, Sachin},
  booktitle={HotNets},
  year={2015},
}


@inproceedings{ghorbani2015micro,
  title={{Micro Load Balancing in Data Centers with DRILL}},
  author={Ghorbani, Soudeh and Godfrey, Brighten and Ganjali, Yashar and Firoozshahian, Amin},
  booktitle={HotNets},
  year={2015},
}

@techreport{RFC3649,
  author = {S. Floyd},
  title = {{HighSpeed TCP for Large Congestion Windows}},
  howpublished = {Internet Requests for Comments},
  type = {RFC},
  number = {3649},
  year = {2003},
  issn = {2070-1721},
  url = {http://www.rfc-editor.org/rfc/rfc3649.txt},
  note = {\url{http://www.rfc-editor.org/rfc/rfc3649.txt}},
}

@article{liu2008tcp,
  title={{TCP-Illinois: A Loss-and Delay-based Congestion Control Algorithm for High-speed Networks}},
  author={Liu, Shao and Ba{\c{s}}ar, Tamer and Srikant, Ravi},
  journal={Performance Evaluation},
  year={2008},
  publisher={Elsevier}
}

@article{ha2008cubic,
  title={{CUBIC: A New TCP-friendly High-speed TCP Variant}},
  author={Ha, Sangtae and Rhee, Injong and Xu, Lisong},
  journal={ACM SIGOPS Operating Systems Review},
  year={2008},
}

@techreport{RFC3782,
  author = {S. Floyd and T. Henderson and A. Gurtov},
  title = {{The NewReno Modification to TCP's Fast Recovery Algorithm}},
  howpublished = {Internet Requests for Comments},
  type = {RFC},
  number = {3782},
  year = {2004},
  issn = {2070-1721},
  url = {https://tools.ietf.org/html/rfc3782},
  note = {\url{https://tools.ietf.org/html/rfc3782}},
}

@inproceedings{Brakmo1994,
 author = {Brakmo, Lawrence S. and O'Malley, Sean W. and Peterson, Larry L.},
 title = {{TCP Vegas: New Techniques for Congestion Detection and Avoidance}},
 booktitle = {SIGCOMM},
 year = {1994},
}

@article{karandikar2000tcp,
  title={{TCP Rate Control}},
  author={Karandikar, Shrikrishna and Kalyanaraman, Shivkumar and Bagal, Prasad and Packer, Bob},
  journal={ACM SIGCOMM Computer Communication Review},
  year={2000},
}

@inproceedings{jeong2014mtcp,
  title={{mTCP: A Highly Scalable User-level TCP Stack for Multicore Systems}},
  author={Jeong, E and Woo, Shinae and Jamshed, Muhammad and Jeong, Haewon and Ihm, Sunghwan and Han, Dongsu and Park, K},
  journal={NSDI},
  year={2014}
}

@inproceedings{jacobson1988congestion,
  title={{Congestion Avoidance and Control}},
  author={Jacobson, Van},
  booktitle={SIGCOMM},
  year={1988},
}

@inproceedings{rizzo2012vale,
  title={{VALE, A Switched Ethernet for Virtual Machines}},
  author={Rizzo, Luigi and Lettieri, Giuseppe},
  booktitle={CoNEXT},
  year={2012},
}

@inproceedings{crisan2013got,
  title={{Got Loss? Get zOVN!}},
  author={Crisan, Daniel and Birke, Robert and Cressier, Gilles and Minkenberg, Cyriel and Gusat, Mitch},
  booktitle={SIGCOMM},
  year={2013},
}

@inproceedings{tan2006compound,
  title={{A Compound TCP Approach for High-speed and Long Distance Networks}},
  author={Tan, Kun and Song, Jingmin and Zhang, Qian and Sridharan, Murari},
  booktitle={INFOCOM},
  year={2006}
}

@inproceedings{greenberg2009vl2,
  title={{VL2: A Scalable and Flexible Data Center Network}},
  author={Greenberg, Albert and Hamilton, James R and Jain, Navendu and Kandula, Srikanth and Kim, Changhoon and Lahiri, Parantap and Maltz, David A and Patel, Parveen and Sengupta, Sudipta},
  booktitle={SIGCOMM},
  year={2009},
}

@techreport{jain-index,
  title={{A Quantitative Measure of Fairness and Discrimination for Resource Allocation in Shared Computer Systems}},
  author={Jain, Rajendra K and Chi{\`u}, Dah-Ming W and Hawe, William R},
  NUMBER =        {DEC-TR-301},
  INSTITUTION =  {Digital Equipment Corporation},
  year={1984}
}

@article{dukkipati2006flow,
  title={{Why Flow-Completion Time is the Right Metric for Congestion Control}},
  author={Dukkipati, Nandita and McKeown, Nick},
  journal={ACM SIGCOMM Computer Communication Review},
  year={2006},
}

@inproceedings{vasudevan2009safe,
  title={{Safe and Effective Fine-grained TCP Retransmissions for Datacenter Communication}},
  author={Vasudevan, Vijay and Phanishayee, Amar and Shah, Hiral and Krevat, Elie and Andersen, David G and Ganger, Gregory R and Gibson, Garth A and Mueller, Brian},
  booktitle={SIGCOMM},
  year={2009},
}

@inproceedings{rodrigues2011gatekeeper,
  title={{Gatekeeper: Supporting Bandwidth Guarantees for Multi-tenant Datacenter Networks}},
  author={Rodrigues, Henrique and Santos, Jose Renato and Turner, Yoshio and Soares, Paolo and Guedes, Dorgival},
  booktitle={WIOV},
  year={2011}
}

@inproceedings{wang2010impact,
  title={{The Impact of Virtualization on Network Performance of Amazon EC2 Data Center}},
  author={Wang, Guohui and Ng, TS Eugene},
  booktitle={INFOCOM},
  year={2010},
}

@inproceedings{mogul2015inferring,
  title={{Inferring the Network Latency Requirements of Cloud Tenants}},
  author={Mogul, Jeffrey C and Kompella, Ramana Rao},
  booktitle={HotOS},
  year={2015},
}

@inproceedings{singh2015jupiter,
  title={{Jupiter Rising: A Decade of Clos Topologies and Centralized Control in Google's Datacenter Network}},
  author={Singh, Arjun and Ong, Joon and Agarwal, Amit and Anderson, Glen and Armistead, Ashby and Bannon, Roy and Boving, Seb and Desai, Gaurav and Felderman, Bob and Germano, Paulie and others},
  booktitle={SIGCOMM},
  year={2015},
}

@inproceedings{alizadeh2012less,
  title={{Less is More: Trading a Little Bandwidth for Ultra-low Latency in the Data Center}},
  author={Alizadeh, Mohammad and Kabbani, Abdul and Edsall, Tom and Prabhakar, Balaji and Vahdat, Amin and Yasuda, Masato},
  booktitle={NSDI},
  year={2012},
}

@inproceedings{rumble2011s,
  title={{It's Time for Low Latency}},
  author={Rumble, Stephen M and Ongaro, Diego and Stutsman, Ryan and Rosenblum, Mendel and Ousterhout, John K},
  booktitle={HotOS},
  year={2011},
}

@article{dean2013tail,
  title={{The Tail at Scale}},
  author={Dean, Jeffrey and Barroso, Luiz Andr{\'e}},
  journal={Communications of the ACM},
  year={2013},
}

@inproceedings{roy2015inside,
  title={{Inside the Social Network's (Datacenter) Network}},
  author={Roy, Arjun and Zeng, Hongyi and Bagga, Jasmeet and Porter, George and Snoeren, Alex C},
  booktitle={SIGCOMM},
  year={2015},
}

@article{alizadeh2013pfabric,
  title={{pFabric: Minimal Near-Optimal Datacenter Transport}},
  author={Alizadeh, Mohammad and Yang, Shuang and Sharif, Milad and Katti, Sachin and McKeown, Nick and Prabhakar, Balaji and Shenker, Scott},
  booktitle={SIGCOMM},
  year={2013},
}

@inproceedings{perry2014fastpass,
  title={{Fastpass: A Centralized Zero-queue Datacenter Network}},
  author={Perry, Jonathan and Ousterhout, Amy and Balakrishnan, Hari and Shah, Devavrat and Fugal, Hans},
  booktitle={SIGCOMM},
  year={2014},
}

@inproceedings{al2010hedera,
  title={{Hedera: Dynamic Flow Scheduling for Data Center Networks}},
  author={Al-Fares, Mohammad and Radhakrishnan, Sivasankar and Raghavan, Barath and Huang, Nelson and Vahdat, Amin},
  booktitle={NSDI},
  year={2010}
}

@inproceedings{rasley2014planck,
  title={{Planck: Millisecond-scale Monitoring and Control for Commodity Networks}},
  author={Rasley, Jeff and Stephens, Brent and Dixon, Colin and Rozner, Eric and Felter, Wes and Agarwal, Kanak and Carter, John and Fonseca, Rodrigo},
  booktitle={SIGCOMM},
  year={2014},
}

@inproceedings{kabbani2014flowbender,
  title={{FlowBender: Flow-level Adaptive Routing for Improved Latency and Throughput in Datacenter Networks}},
  author={Kabbani, Abdul and Vamanan, Balajee and Hasan, Jahangir and Duchene, Fabien},
  booktitle={CoNEXT},
  year={2014},
}

%%%%%pep
@techreport{RFC3449,
  author = {H. Balakrishnan and V. Padmanabhan and G. Fairhurst and M. Sooriyabandara},
  title = {{TCP Performance Implications of Network Path Asymmetry}},
  howpublished = {Internet Requests for Comments},
  type = {RFC},
  number = {3449},
  year = {2002},
}

 
@techreport{RFC3115,
  author = {G. Dommety and K. Leung},
  title = {{Mobile IP Vendor/Organization-Specific Extensions}},
  howpublished = {Internet Requests for Comments},
  type = {RFC},
  number = {3115},
  year = {2001},
}

@inproceedings{balakrishnan2008maelstrom,
  title={{Maelstrom: Transparent Error Correction for Lambda Networks}},
  author={Balakrishnan, Mahesh and Marian, Tudor and Birman, Ken and Weatherspoon, Hakim and Vollset, Einar},
  booktitle={NSDI},
  year={2008}
}

@article{davern2011httpep,
  title={{HTTPEP: A HTTP Performance Enhancing Proxy for Satellite Systems}},
  author={Davern, Paul and Nashid, Noor and Sreenan, Cormac J and Zahran, Ahmed},
  journal={International Journal of Next-Generation Computing},
  year={2011},
}

@inproceedings{balakrishnan1995improving,
  title={{Improving TCP/IP Performance over Wireless Networks}},
  author={Balakrishnan, Hari and Seshan, Srinivasan and Amir, Elan and Katz, Randy H},
  booktitle={MobiCom},
  year={1995},
}
