%% This BibTeX bibliography file was created using BibDesk.
%% http://bibdesk.sourceforge.net/
@inproceedings{vcc,
  title={{Virtualized Congestion Control}},
  author={Bryce Cronkite-Ratcliff and Aran Bergman and Shay Vargaftik and Madhusudhan Ravi and Nick McKeown and Ittai Abraham and Isaac Keslassy},
  booktitle={SIGCOMM},
  year={2016},
}



@techreport{RFC6824,
  author = {A. Ford and C. Raiciu and M. Handley and O. Bonaventure},
  title = {TCP Extensions for Multipath Operation with Multiple Addresses},
  howpublished = {Internet Requests for Comments},
  type = {RFC},
  number = {6824},
  year = {2013},
  month = {January},
  issn = {2070-1721},
  publisher = {RFC Editor},
  institution = {RFC Editor},
  url = {http://www.rfc-editor.org/rfc/rfc6824.txt},
  note = {\url{http://www.rfc-editor.org/rfc/rfc6824.txt}},
}


@INPROCEEDINGS{Spring00, 
author={N. T. Spring and M. Chesire and M. Berryman and V. Sahasranaman and T. Anderson and B. Bershad}, 
booktitle={INFOCOM}, 
title={{Receiver Based Management of Low Bandwidth Access Links}}, 
year={2000}, 
}

@ARTICLE{Kalampoukas02, 
author={L. Kalampoukas and A. Varma and K. K. Ramakrishnan}, 
journal={IEEE/ACM Transactions on Networking}, 
title={{Explicit Window Adaptation: A Method to Enhance TCP Performance}}, 
year={2002}, 
}



@inproceedings {180302,
author = {Masoud Moshref and Minlan Yu and Abhishek Sharma and Ramesh Govindan},
title = {{Scalable Rule Management for Data Centers}},
booktitle = {NSDI},
year = {2013},
}

@techreport{RFC6928,
  author = {J. Chu and N. Dukkipati and Y. Cheng and M. Mathis},
  title = {{Increasing TCP's Initial Window}},
  howpublished = {Internet Requests for Comments},
  type = {RFC},
  number = {6928},
  year = {2013},
  issn = {2070-1721},
  url = {http://www.rfc-editor.org/rfc/rfc6928.txt},
  note = {\url{http://www.rfc-editor.org/rfc/rfc6928.txt}},
}

@inproceedings{flach2013reducing, 
   title={{Reducing Web Latency: The Virtue of Gentle Aggression}}, 
   author={Flach, Tobias and Dukkipati, Nandita and Terzis, Andreas and Raghavan, Barath and Cardwell, Neal and Cheng, Yuchung and Jain, Ankur and Hao, Shuai and Katz-Bassett, Ethan and Govindan, Ramesh}, 
   booktitle={SIGCOMM}, 
   year={2013}, 
}



@techreport{ietf-tcpm-dctcp,
  author = {Stephen Bensley and Lars Eggert and Dave Thaler and Praveen Balasubramanian and Glenn Judd},
  title = {{Datacenter TCP (DCTCP): TCP Congestion Control for Datacenters}},
  howpublished = {Working Draft},
  type = {Internet-Draft},
  number = {draft-ietf-tcpm-dctcp-01},
  year = {2015},
  url = {http://www.ietf.org/internet-drafts/draft-ietf-tcpm-dctcp-01.txt},
  note = {\url{http://www.ietf.org/internet-drafts/draft-ietf-tcpm-dctcp-01.txt}},
}

@inproceedings{Pfaff2015ovs,
 author = {Pfaff, Ben and Pettit, Justin and Koponen, Teemu and Jackson, Ethan J. and Zhou, Andy and Rajahalme, Jarno and Gross, Jesse and Wang, Alex and Stringer, Jonathan and Shelar, Pravin and Amidon, Keith and Casado, Mart\'{\i}n},
 title = {{The Design and Implementation of Open vSwitch}},
 booktitle = {NSDI},
 year = {2015},
} 

@techreport{RFC5681,
  author = {M. Allman and V. Paxson and E. Blanton},
  title = {{TCP Congestion Control}},
  howpublished = {Internet Requests for Comments},
  type = {RFC},
  number = {5681},
  year = {2009},
  url = {http://www.rfc-editor.org/rfc/rfc5681.txt},
  note = {\url{http://www.rfc-editor.org/rfc/rfc5681.txt}},
}

@article{Venkataramani2002tcpnice,
 author = {Venkataramani, Arun and Kokku, Ravi and Dahlin, Mike},
 title = {{TCP Nice: A Mechanism for Background Transfers}},
 journal = {SIGOPS Oper. Syst. Rev.},
 year = {2002},
} 

@inproceedings{optimize-tcp-receive,
  title={{Optimizing TCP Receive Performance}},
  author={Menon, Aravind and Zwaenepoel, Willy},
  booktitle={USENIX Annual Technical Conference},
  year={2008},
}

@inproceedings {qjump,
author = {Matthew P. Grosvenor and Malte Schwarzkopf and Ionel Gog and Robert N. M. Watson and Andrew W. Moore and Steven Hand and Jon Crowcroft},
title = {{Queues Don{\textquoteright}t Matter When You Can JUMP Them!}},
booktitle = {NSDI},
year = {2015},
}

%% Created for Colin Dixon at 2014-01-31 08:43:52 -0600 
@article{Lam2012NetShare,
 author = {Lam, Vinh The and Radhakrishnan, Sivasankar and Pan, Rong and Vahdat, Amin and Varghese, George},
 title = {{Netshare and Stochastic Netshare: Predictable Bandwidth Allocation for Data Centers}},
 journal = {ACM SIGCOMM Computer Communication Review},
 year = {2012},
} 


@inproceedings{Xie2012Proteus,
 author = {Xie, Di and Ding, Ning and Hu, Y. Charlie and Kompella, Ramana},
 title = {{The Only Constant is Change: Incorporating Time-varying Network Reservations in Data Centers}},
 booktitle = {SIGCOMM},
 year = {2012},
} 

@inproceedings{Guo2010Secondnet,
 author = {Guo, Chuanxiong and Lu, Guohan and Wang, Helen J. and Yang, Shuang and Kong, Chao and Sun, Peng and Wu, Wenfei and Zhang, Yongguang},
 title = {{SecondNet: A Data Center Network Virtualization Architecture with Bandwidth Guarantees}},
 booktitle = {CoNEXT},
 year = {2010},
} 

@inproceedings{Popa2012Faircloud,
 author = {Popa, Lucian and Kumar, Gautam and Chowdhury, Mosharaf and Krishnamurthy, Arvind and Ratnasamy, Sylvia and Stoica, Ion},
 title = {{FairCloud: Sharing the Network in Cloud Computing}},
 booktitle = {SIGCOMM},
 year = {2012},
} 


@inproceedings{paxson1997end,
  title={{End-to-end Internet Packet Dynamics}},
  author={Paxson, Vern},
  booktitle={ACM SIGCOMM Computer Communication Review},
  year={1997},
}

@misc{linux-dctcp,
        Howpublished = {\url{https://lwn.net/Articles/598432/}},
        Key = {{net:tcp: DCTCP congestion control algorithm}},
        Title = {{net:tcp: DCTCP congestion control algorithm}}
}

@misc{kernel-skb,
        Howpublished = {\url{http://vger.kernel.org/~davem/skb.html}},
        Key = {{SKB in Linux Networking}},
        Title = {{SKB in Linux Networking}}
}

@misc{dell-toe,
        Howpublished = {\url{http://www.dell.com/downloads/global/power/ps3q06-20060132-Broadcom.pdf}},
        Key = {{Boosting Data Transfer with TCP Offload Engine Technology}},
        Title = {{Boosting Data Transfer with TCP Offload Engine Technology}}
}

@misc{chelsio-toe,
        Howpublished = {\url{http://www.chelsio.com/nic/tcp-offload-engine/}},
        Key = {{TCP Offload Engine (TOE)}},
        Title = {{TCP Offload Engine (TOE)}}
}

@misc{linux-toe,
        Howpublished = {\url{http://www.linuxfoundation.org/collaborate/workgroups/networking/toe}},
        Key = {{TOE}},
        Title = {{TOE}}
}

@inproceedings{mogul2003tcp,
  title={{TCP Offload Is a Dumb Idea Whose Time Has Come}},
  author={Mogul, Jeffrey C},
  booktitle={HotOS},
  year={2003}
}


@misc{qcn,
        Howpublished = {\url{http://www.ieee802.org/1/pages/802.1au.html}},
        Key = {{802.1Qau - Congestion Notification}},
        Title = {{802.1Qau - Congestion Notification}}
}

@misc{tcp-probe,
        Howpublished = {\url{http://www.linuxfoundation.org/collaborate/workgroups/networking/tcpprobe}},
        Key = {{TCP Probe}},
        Title = {{TCP Probe}}
}

@misc{sockperf,
        Howpublished = {\url{https://github.com/mellanox/sockperf}},
        Key = {{Network Benchmarking Utility}},
        Title = {{Network Benchmarking Utility}}
}

@misc{ovs-website,
        Howpublished = {\url{http://openvswitch.org}},
        key = {{Open vSwitch}},
        Title = {{Open vSwitch}},
        
}

@misc{cisco-avs,
        Howpublished = {\url{http://www.cisco.com/c/en/us/products/switches/application-virtual-switch/index.html}},
        key = {{Cisco Application Virtual Switch}},
        Title = {{Cisco Application Virtual Switch}},

}

@inproceedings{judd2015nsdi,
 author = {Judd, Glenn},
 title = {{Attaining the Promise and Avoiding the Pitfalls of TCP in the Datacenter}},
 booktitle = {NSDI},
 year = {2015},
} 

@article{guniguntala2008read,
  title={{The Read-Copy-Update Mechanism for Supporting Real-time Applications on Shared-memory Multiprocessor Systems with Linux}},
  author={Guniguntala, Dinakar and McKenney, Paul E and Triplett, Josh and Walpole, Jonathan},
  journal={IBM Systems Journal},
  year={2008},
}

@misc{cavium-nic,
        Howpublished = {\url{http://www.cavium.com/LiquidIO_Server_Adapters.html}},
        Key = {{LiquidIO Server Adapters}},
        Title = {{LiquidIO Server Adapters }}
}

@misc{netronome-nic,
        Howpublished = {\url{https://netronome.com/product/flownics/}},
        Key = {{Netronome FlowNIC}},
        Title = {{Netronome FlowNIC}}
}

@inproceedings{stephens2014practical,
  title={{Practical DCB for Improved Data Center Networks}},
  author={Stephens, Brent and Cox, Alan L and Singla, Anubhav and Carter, Jenny and Dixon, Colin and Felter, Wes},
  booktitle={INFOCOM},
  year={2014},
}


@inproceedings{alizadeh2011data,
  title={{Data Center TCP (DCTCP)}},
  author={Alizadeh, Mohammad and Greenberg, Albert and Maltz, David A and Padhye, Jitendra and Patel, Parveen and Prabhakar, Balaji and Sengupta, Sudipta and Sridharan, Murari},
  booktitle={SIGCOMM},
  year={2010},
}

@inproceedings{alizadeh2014conga,
  title={{CONGA: Distributed Congestion-aware Load Balancing for Datacenters}},
  author={Alizadeh, Mohammad and Edsall, Tom and Dharmapurikar, Sarang and Vaidyanathan, Ramanan and Chu, Kevin and Fingerhut, Andy and Matus, Francis and Pan, Rong and Yadav, Navindra and Varghese, George and others},
  booktitle={SIGCOMM},
  year={2014},
}

@inproceedings{katabi2002congestion,
  title={{Congestion Control for High Bandwidth-delay Product Networks}},
  author={Katabi, Dina and Handley, Mark and Rohrs, Charlie},
  booktitle={SIGCOMM},
  year={2002},
}

@phdthesis{dukkipati2007rate,
  title={{Rate Control Protocol (RCP): Congestion Control to Make Flows Complete Quickly}},
  author={Dukkipati, Nandita},
  year={2007},
  school={Stanford University}
}

@inproceedings{winstein2013tcp,
  title={{TCP ex Machina: Computer-generated Congestion Control}},
  author={Winstein, Keith and Balakrishnan, Hari},
  booktitle={SIGCOMM},
  year={2013},
}

@inproceedings{wu2010ictcp,
 author = {Wu, Haitao and Feng, Zhenqian and Guo, Chuanxiong and Zhang, Yongguang},
 title = {{ICTCP: Incast Congestion Control for TCP in Data Center Networks}},
 booktitle = {CoNEXT},
 year = {2010},
} 

@inproceedings{mittal2015timely,
  title={{TIMELY: RTT-based Congestion Control for the Datacenter}},
  author={Mittal, Radhika and Dukkipati, Nandita and Blem, Emily and Wassel, Hassan and Ghobadi, Monia and Vahdat, Amin and Wang, Yaogong and Wetherall, David and Zats, David and others},
  booktitle={SIGCOMM},
  year={2015},
}

@inproceedings{zhu2015congestion,
  title={{Congestion Control for Large-Scale RDMA Deployments}},
  author={Zhu, Yibo and Eran, Haggai and Firestone, Daniel and Guo, Chuanxiong and Lipshteyn, Marina and Liron, Yehonatan and Padhye, Jitendra and Raindel, Shachar and Yahia, Mohamad Haj and Zhang, Ming},
  booktitle={SIGCOMM},
  year={2015},
}

@inproceedings{jang2015silo,
  title={{Silo: Predictable Message Latency in the Cloud}},
  author={Jang, Keon and Sherry, Justine and Ballani, Hitesh and Moncaster, Toby},
  booktitle={SIGCOMM},
  year={2015},
}

@inproceedings{Ballani2011oktopus,
 author = {Ballani, Hitesh and Costa, Paolo and Karagiannis, Thomas and Rowstron, Ant},
 title = {{Towards Predictable Datacenter Networks}},
 booktitle = {SIGCOMM},
 year = {2011},
} 


@inproceedings{lee2015accurate,
  title={{Accurate Latency-based Congestion Feedback for Datacenters}},
  author={Lee, Changhyun and Park, Chunjong and Jang, Keon and Moon, Sue and Han, Dongsu},
  booktitle={USENIX Annual Technical Conference},
  year={2015}
}

@misc{tcp-nv,
        Howpublished = {\url{https://lwn.net/Articles/650325/}},
        Key = {{tcp: add NV congestion control}},
        Title = {{tcp: add NV congestion control}}
}

@article{ayuso2006netfilter,
  title={{Netfilter's Connection Tracking System}},
  author={Ayuso, P},
  journal={LOGIN: The USENIX magazine},
  year={2006}
}

@inproceedings{ovs-conntrack,
  title={{Connection Tracking \& Stateful NAT}},
  author={Graf, Thomas and Pettit, Justin},
  booktitle={Open vSwitch 2014 Fall Conference},
  year={2014}
}

@inproceedings{radhakrishnan2014senic,
  title={{SENIC: Scalable NIC for End-host Rate Limiting}},
  author={Radhakrishnan, Sivasankar and Geng, Yilong and Jeyakumar, Vimalkumar and Kabbani, Abdul and Porter, George and Vahdat, Amin},
  booktitle={NSDI},
  year={2014}
}

@inproceedings{niranjan2013fastrak,
  title={{FasTrak: Enabling Express Lanes in Multi-tenant Data Centers}},
  author={Niranjan Mysore, Radhika and Porter, George and Vahdat, Amin},
  booktitle={CoNEXT},
  year={2013},
}

@inproceedings{shieh2011sharing,
  title={{Sharing the Data Center Network}},
  author={Shieh, Alan and Kandula, Srikanth and Greenberg, Albert G and Kim, Changhoon and Saha, Bikas},
  booktitle={NSDI},
  year={2011}
}

@inproceedings{jeyakumar2013eyeq,
  title={{EyeQ: Practical Network Performance Isolation at the Edge}},
  author={Jeyakumar, Vimalkumar and Alizadeh, Mohammad and Mazi{\`e}res, David and Prabhakar, Balaji and Kim, Changhoon and Greenberg, Albert},
  booktitle={NSDI},
  year={2013}
}

@inproceedings{dong2015pcc,
  title={{PCC: Re-architecting Congestion Control for Consistent High Performance}},
  author={Dong, Mo and Li, Qingxi and Zarchy, Doron and Godfrey, P Brighten and Schapira, Michael},
  booktitle={NSDI},
  year={2015}
}


@techreport{RFC1072,
  author = {V. Jacobson and R.T. Braden},
  title = {{TCP Extensions for Long-delay Paths}},
  howpublished = {Internet Requests for Comments},
  type = {RFC},
  number = {1072},
  year = {1988},
  issn = {2070-1721},
  url = {http://www.rfc-editor.org/rfc/rfc1072.txt},
  note = {\url{http://www.rfc-editor.org/rfc/rfc1072.txt}},
}



@techreport{RFC1323,
  author = {Van Jacobson and Bob Braden and Dave Borman},
  title = {{TCP Extensions for High Performance}},
  howpublished = {Internet Requests for Comments},
  type = {RFC},
  number = {1323},
  year = {1992},
  issn = {2070-1721},
  url = {http://www.rfc-editor.org/rfc/rfc1323.txt},
  note = {\url{http://www.rfc-editor.org/rfc/rfc1323.txt}},
}

@misc{receive-auto-runing,
        Howpublished = {\url{https://technet.microsoft.com/en-us/magazine/2007.01.cableguy.aspx}},
        Key = {{TCP Receive Window Auto-Tuning}},
        Title = {{TCP Receive Window Auto-Tuning}}
}

@inproceedings{wu2012tuning,
  title={{Tuning ECN for Data Center Networks}},
  author={Wu, Haitao and Ju, Jiabo and Lu, Guohan and Guo, Chuanxiong and Xiong, Yongqiang and Zhang, Yongguang},
  booktitle={CoNEXT},
  year={2012},
}

@misc{intel-dpdk,
        Howpublished = {\url{http://dpdk.org/}},
        Key = {{Data Plane Development Kit (DPDK)}},
        Title = {{Data Plane Development Kit (DPDK)}}
}

@inproceedings{he2015presto,
  title={{Presto: Edge-based Load Balancing for Fast Datacenter Networks}},
  author={He, Keqiang and Rozner, Eric and Agarwal, Kanak and Felter, Wes and Carter, John and Akella, Aditya},
  booktitle={SIGCOMM},
  year={2015},
}

@article{semke1998automatic,
  title={{Automatic TCP Buffer Tuning}},
  author={Semke, Jeffrey and Mahdavi, Jamshid and Mathis, Matthew},
  journal={ACM SIGCOMM Computer Communication Review},
  year={1998},
}

@inproceedings{jose2015high,
  title={{High Speed Networks Need Proactive Congestion Control}},
  author={Jose, Lavanya and Yan, Lisa and Alizadeh, Mohammad and Varghese, George and McKeown, Nick and Katti, Sachin},
  booktitle={HotNets},
  year={2015},
}


@inproceedings{ghorbani2015micro,
  title={{Micro Load Balancing in Data Centers with DRILL}},
  author={Ghorbani, Soudeh and Godfrey, Brighten and Ganjali, Yashar and Firoozshahian, Amin},
  booktitle={HotNets},
  year={2015},
}

@techreport{RFC3649,
  author = {S. Floyd},
  title = {{HighSpeed TCP for Large Congestion Windows}},
  howpublished = {Internet Requests for Comments},
  type = {RFC},
  number = {3649},
  year = {2003},
  issn = {2070-1721},
  url = {http://www.rfc-editor.org/rfc/rfc3649.txt},
  note = {\url{http://www.rfc-editor.org/rfc/rfc3649.txt}},
}

@article{liu2008tcp,
  title={{TCP-Illinois: A Loss-and Delay-based Congestion Control Algorithm for High-speed Networks}},
  author={Liu, Shao and Ba{\c{s}}ar, Tamer and Srikant, Ravi},
  journal={Performance Evaluation},
  year={2008},
  publisher={Elsevier}
}

@article{ha2008cubic,
  title={{CUBIC: A New TCP-friendly High-speed TCP Variant}},
  author={Ha, Sangtae and Rhee, Injong and Xu, Lisong},
  journal={ACM SIGOPS Operating Systems Review},
  year={2008},
}

@techreport{RFC3782,
  author = {S. Floyd and T. Henderson and A. Gurtov},
  title = {{The NewReno Modification to TCP's Fast Recovery Algorithm}},
  howpublished = {Internet Requests for Comments},
  type = {RFC},
  number = {3782},
  year = {2004},
  issn = {2070-1721},
  url = {https://tools.ietf.org/html/rfc3782},
  note = {\url{https://tools.ietf.org/html/rfc3782}},
}

@inproceedings{Brakmo1994,
 author = {Brakmo, Lawrence S. and O'Malley, Sean W. and Peterson, Larry L.},
 title = {{TCP Vegas: New Techniques for Congestion Detection and Avoidance}},
 booktitle = {SIGCOMM},
 year = {1994},
}

@article{karandikar2000tcp,
  title={{TCP Rate Control}},
  author={Karandikar, Shrikrishna and Kalyanaraman, Shivkumar and Bagal, Prasad and Packer, Bob},
  journal={ACM SIGCOMM Computer Communication Review},
  year={2000},
}

@inproceedings{jeong2014mtcp,
  title={{mTCP: A Highly Scalable User-level TCP Stack for Multicore Systems}},
  author={Jeong, E and Woo, Shinae and Jamshed, Muhammad and Jeong, Haewon and Ihm, Sunghwan and Han, Dongsu and Park, K},
  journal={NSDI},
  year={2014}
}

@inproceedings{jacobson1988congestion,
  title={{Congestion Avoidance and Control}},
  author={Jacobson, Van},
  booktitle={SIGCOMM},
  year={1988},
}

@inproceedings{rizzo2012vale,
  title={{VALE, A Switched Ethernet for Virtual Machines}},
  author={Rizzo, Luigi and Lettieri, Giuseppe},
  booktitle={CoNEXT},
  year={2012},
}

@inproceedings{crisan2013got,
  title={{Got Loss? Get zOVN!}},
  author={Crisan, Daniel and Birke, Robert and Cressier, Gilles and Minkenberg, Cyriel and Gusat, Mitch},
  booktitle={SIGCOMM},
  year={2013},
}

@inproceedings{tan2006compound,
  title={{A Compound TCP Approach for High-speed and Long Distance Networks}},
  author={Tan, Kun and Song, Jingmin and Zhang, Qian and Sridharan, Murari},
  booktitle={INFOCOM},
  year={2006}
}

@inproceedings{greenberg2009vl2,
  title={{VL2: A Scalable and Flexible Data Center Network}},
  author={Greenberg, Albert and Hamilton, James R and Jain, Navendu and Kandula, Srikanth and Kim, Changhoon and Lahiri, Parantap and Maltz, David A and Patel, Parveen and Sengupta, Sudipta},
  booktitle={SIGCOMM},
  year={2009},
}

@techreport{jain-index,
  title={{A Quantitative Measure of Fairness and Discrimination for Resource Allocation in Shared Computer Systems}},
  author={Jain, Rajendra K and Chi{\`u}, Dah-Ming W and Hawe, William R},
  NUMBER =        {DEC-TR-301},
  INSTITUTION =  {Digital Equipment Corporation},
  year={1984}
}

@article{dukkipati2006flow,
  title={{Why Flow-Completion Time is the Right Metric for Congestion Control}},
  author={Dukkipati, Nandita and McKeown, Nick},
  journal={ACM SIGCOMM Computer Communication Review},
  year={2006},
}

@inproceedings{vasudevan2009safe,
  title={{Safe and Effective Fine-grained TCP Retransmissions for Datacenter Communication}},
  author={Vasudevan, Vijay and Phanishayee, Amar and Shah, Hiral and Krevat, Elie and Andersen, David G and Ganger, Gregory R and Gibson, Garth A and Mueller, Brian},
  booktitle={SIGCOMM},
  year={2009},
}

@inproceedings{rodrigues2011gatekeeper,
  title={{Gatekeeper: Supporting Bandwidth Guarantees for Multi-tenant Datacenter Networks}},
  author={Rodrigues, Henrique and Santos, Jose Renato and Turner, Yoshio and Soares, Paolo and Guedes, Dorgival},
  booktitle={WIOV},
  year={2011}
}

@inproceedings{wang2010impact,
  title={{The Impact of Virtualization on Network Performance of Amazon EC2 Data Center}},
  author={Wang, Guohui and Ng, TS Eugene},
  booktitle={INFOCOM},
  year={2010},
}

@inproceedings{mogul2015inferring,
  title={{Inferring the Network Latency Requirements of Cloud Tenants}},
  author={Mogul, Jeffrey C and Kompella, Ramana Rao},
  booktitle={HotOS},
  year={2015},
}

@inproceedings{singh2015jupiter,
  title={{Jupiter Rising: A Decade of Clos Topologies and Centralized Control in Google's Datacenter Network}},
  author={Singh, Arjun and Ong, Joon and Agarwal, Amit and Anderson, Glen and Armistead, Ashby and Bannon, Roy and Boving, Seb and Desai, Gaurav and Felderman, Bob and Germano, Paulie and others},
  booktitle={SIGCOMM},
  year={2015},
}

@inproceedings{alizadeh2012less,
  title={{Less is More: Trading a Little Bandwidth for Ultra-low Latency in the Data Center}},
  author={Alizadeh, Mohammad and Kabbani, Abdul and Edsall, Tom and Prabhakar, Balaji and Vahdat, Amin and Yasuda, Masato},
  booktitle={NSDI},
  year={2012},
}

@inproceedings{rumble2011s,
  title={{It's Time for Low Latency}},
  author={Rumble, Stephen M and Ongaro, Diego and Stutsman, Ryan and Rosenblum, Mendel and Ousterhout, John K},
  booktitle={HotOS},
  year={2011},
}

@article{dean2013tail,
  title={{The Tail at Scale}},
  author={Dean, Jeffrey and Barroso, Luiz Andr{\'e}},
  journal={Communications of the ACM},
  year={2013},
}

@inproceedings{roy2015inside,
  title={{Inside the Social Network's (Datacenter) Network}},
  author={Roy, Arjun and Zeng, Hongyi and Bagga, Jasmeet and Porter, George and Snoeren, Alex C},
  booktitle={SIGCOMM},
  year={2015},
}

@article{alizadeh2013pfabric,
  title={{pFabric: Minimal Near-Optimal Datacenter Transport}},
  author={Alizadeh, Mohammad and Yang, Shuang and Sharif, Milad and Katti, Sachin and McKeown, Nick and Prabhakar, Balaji and Shenker, Scott},
  booktitle={SIGCOMM},
  year={2013},
}

@inproceedings{perry2014fastpass,
  title={{Fastpass: A Centralized Zero-queue Datacenter Network}},
  author={Perry, Jonathan and Ousterhout, Amy and Balakrishnan, Hari and Shah, Devavrat and Fugal, Hans},
  booktitle={SIGCOMM},
  year={2014},
}

@inproceedings{al2010hedera,
  title={{Hedera: Dynamic Flow Scheduling for Data Center Networks}},
  author={Al-Fares, Mohammad and Radhakrishnan, Sivasankar and Raghavan, Barath and Huang, Nelson and Vahdat, Amin},
  booktitle={NSDI},
  year={2010}
}

@inproceedings{rasley2014planck,
  title={{Planck: Millisecond-scale Monitoring and Control for Commodity Networks}},
  author={Rasley, Jeff and Stephens, Brent and Dixon, Colin and Rozner, Eric and Felter, Wes and Agarwal, Kanak and Carter, John and Fonseca, Rodrigo},
  booktitle={SIGCOMM},
  year={2014},
}

@inproceedings{kabbani2014flowbender,
  title={{FlowBender: Flow-level Adaptive Routing for Improved Latency and Throughput in Datacenter Networks}},
  author={Kabbani, Abdul and Vamanan, Balajee and Hasan, Jahangir and Duchene, Fabien},
  booktitle={CoNEXT},
  year={2014},
}

%%%%%pep
@techreport{RFC3449,
  author = {H. Balakrishnan and V. Padmanabhan and G. Fairhurst and M. Sooriyabandara},
  title = {{TCP Performance Implications of Network Path Asymmetry}},
  howpublished = {Internet Requests for Comments},
  type = {RFC},
  number = {3449},
  year = {2002},
}

 
@techreport{RFC3115,
  author = {G. Dommety and K. Leung},
  title = {{Mobile IP Vendor/Organization-Specific Extensions}},
  howpublished = {Internet Requests for Comments},
  type = {RFC},
  number = {3115},
  year = {2001},
}

@inproceedings{balakrishnan2008maelstrom,
  title={{Maelstrom: Transparent Error Correction for Lambda Networks}},
  author={Balakrishnan, Mahesh and Marian, Tudor and Birman, Ken and Weatherspoon, Hakim and Vollset, Einar},
  booktitle={NSDI},
  year={2008}
}

@article{davern2011httpep,
  title={{HTTPEP: A HTTP Performance Enhancing Proxy for Satellite Systems}},
  author={Davern, Paul and Nashid, Noor and Sreenan, Cormac J and Zahran, Ahmed},
  journal={International Journal of Next-Generation Computing},
  year={2011},
}

@inproceedings{balakrishnan1995improving,
  title={{Improving TCP/IP Performance over Wireless Networks}},
  author={Balakrishnan, Hari and Seshan, Srinivasan and Amir, Elan and Katz, Randy H},
  booktitle={MobiCom},
  year={1995},
}
